3164 5512
318 467 365 522 210
697 451 838 509 ΕΡΠΕιΟι·
859 450 1056 508 ΟΠΟΣΟαΟι·

222 621 287 687 Ῑ176]
321 613 420 692 λόγους
437 613 599 693 γράφοντας·
619 615 687 683 ἦσαν
701 612 751 691 γάρ
766 634 834 676 τινες
849 618 904 668 τῶν
919 611 1042 691 ῥητόρων
1056 615 1254 690 πιπράσκοντες
1270 611 1370 688 λόγους
1385 618 1439 674 τοῖς

320 711 442 791 λέγουσιν
455 713 493 776 είς
506 713 539 768 τά
553 709 719 790 δικαστήρια,
737 711 854 791 ῥήτορας
868 709 896 768 δέ
909 707 1005 788 ἐ’λεγον
1017 709 1080 774 τοὺς
1095 708 1128 766 δι’
1141 710 1243 767 έαυτῶν
1257 707 1398 788 λέγοντας.

360 859 412 944 ρό’.
436 861 511 944 Τάχ’
533 862 589 920 οόν
611 860 659 939 ἀν]
682 864 739 922 257
763 861 799 921 C.

360 1007 495 1072 Πολλάκις
513 1009 563 1088 γάρ
581 1007 627 1065 *ίνα
643 1007 789 1082 τιμώμεθα
807 1007 968 1089 ἀντεχόμεθα
983 1014 1038 1065 τῶν
1058 1008 1187 1088 αἰσχρῶν·
1205 1005 1257 1078 διὸ,
1277 1007 1354 1087 φησί,
1370 1007 1441 1063 καίό

272 1113 287 1162 5
320 1107 419 1172 Λυσίας
439 1113 487 1164 τοῦ
506 1109 633 1181 τιμᾶσθαι
649 1107 731 1187 χάριν
746 1105 858 1179 <ἀν>
872 1105 1021 1188 ἀπόσχοιτο
1036 1106 1066 1163 τό
1082 1106 1203 1187 γράφειν,
1220 1104 1359 1186 έκφειίγων
1377 1103 1442 1185 [καί]

320 1207 350 1262 τό
366 1203 543 1273 ὀνειδίζεσθαι
556 1205 600 1261 καί
613 1212 698 1278 τιμῆς
713 1203 865 1285 ἐφιέμενος.

361 1356 413 1437 ργ’.
439 1354 580 1414 Γελοῖόν
602 1377 639 1434 γε
660 1355 683 1411 ὦ
704 1356 828 1432 νεανία]
851 1357 909 1415 257
933 1355 968 1414 C.

364 1505 411 1560 Καὶ
431 1505 493 1583 γάρ,
515 1503 608 1584 φησίν,
631 1502 757 1573 ἐθελήσει
775 1503 877 1581 γράψαι
894 1503 909 1558 ό
927 1502 1040 1574 Λυσίας,
1061 1504 1106 1559 καί
1121 1505 1147 1558 οί
1164 1498 1356 1566 διαόάλλοντες
1372 1498 1401 1557 δὲ
1414 1500 1444 1557 τό

323 1592 602 1680 λογογραφεῖνὴδέως
614 1599 708 1682 έχουσι
723 1598 822 1679 λόγους
836 1599 948 1680 γράφειν
962 1598 1002 1656 ότι
1014 1599 1213 1679 γενναιοτέρους
1229 1598 1329 1663 παῖδας
1343 1600 1445 1655 έαοτῶν

259 1710 290 1761 10
321 1697 552 1772 καταλιμπάνοοσι
568 1699 810 1778 συγγράμματα
829 1696 1049 1771 καταλείποντες,
1071 1699 1109 1762 ῶς
1133 1697 1208 1755 εἶπεν
1224 1696 1252 1755 ἐν
1265 1704 1303 1775 τῷ
1320 1705 1444 1771 Συμπο-
1498 1752 1500 1756 ,

323 1797 394 1870 σίῳ.
411 1831 450 1841 -
466 1796 619 1877 Ψοφοδεεῑς
633 1795 662 1854 δέ
676 1796 801 1875 λέγονται
815 1800 842 1854 οἱ
856 1796 919 1860 τοὺς
934 1797 1036 1877 ψόφους
1050 1802 1105 1853 τῶν
1124 1801 1210 1871 μυιῶν
1230 1793 1382 1860 δεδοικότες
1401 1795 1446 1852 καί

324 1893 357 1948 τά
371 1894 496 1973 τυχόντα.

365 2042 415 2122 ρό,
440 2042 512 2099 Οίει
535 2043 719 2117 νομίζοντα
742 2042 862 2122 λέγειν]
886 2045 943 2102 257
967 2043 1005 2101 D.

366 2183 436 2241 Ἀντί
454 2192 502 2241 τοῦ
522 2180 668 2250 δοξάζοντα
687 2183 785 2262 λέγειν,
802 2183 936 2242 τουτέστιν
951 2184 992 2240 ότι
1007 2181 1067 2240 οόδέ
1083 2182 1160 2245 αὐτὸς
1176 2184 1191 2239 ό
1206 2179 1345 2249 ὀνειδίζων
1360 2181 1391 2238 τὸ
1405 2179 1447 2237 λο-

264 2292 292 2341 15
324 2289 467 2362 γογραφεῑν
479 2283 552 2338 οὕτω
567 2279 735 2358 διακείμενος
749 2284 787 2346 ῶς
798 2288 882 2339 κακοῦ
896 2288 943 2339 τοῦ
957 2282 1114 2361 πράγματος
1129 2279 1206 2345 ὄντος
1221 2275 1375 2338 διαθάλλει.

367 2430 417 2509 ρε’.
442 2432 500 2487 Καὶ
523 2426 680 2496 ξόνοισθά
700 2453 760 2487 που
781 2433 850 2507 καί]
874 2431 931 2490 257
954 2430 993 2490 Ι).

367 2579 395 2635 '0
410 2578 531 2659 Φαῖδρος
548 2577 661 2645 ἐνδόξως
679 2577 805 2655 βούλεται
826 2577 1006 2658 ἐπιχειρῆσαι·
1028 2576 1134 2645 ἔνδοξος
1154 2577 1182 2635 δέ
1199 2578 1269 2636 ἐστιν
1285 2577 1451 2658 ἐπιχείρησις

327 2681 344 2749 ἡ
362 2678 413 2734 ἀπό
432 2684 486 2734 τῶν
506 2675 628 2734 πολλῶν·
646 2673 739 2745 ἐπειδὴ
756 2674 802 2733 οὖν
819 2678 845 2732 οί
862 2674 998 2754 ἀ’νθρωποι
1013 2673 1201 2755 ἐλοιδοροῦντο
1217 2677 1248 2732 τό
1268 2675 1452 2755 λογογραφεῖν

247 2830 249 2836 ,
327 2776 364 2839 ὡς
383 2774 412 2831 ἐκ
429 2783 478 2847 τῆς
498 2775 669 2855 κατεχούσης
690 2774 839 2846 συνηθείας,
856 2772 898 2830 διὰ
916 2779 996 2830 τοῦτο
1014 2776 1060 2830 καί
1079 2773 1158 2838 αὐτός
1176 2796 1258 2854 φησιν
1277 2773 1319 2829 ότι
1335 2775 1364 2831 οί
1383 2773 1455 2850 μέγα

265 2880 296 2930 20
327 2873 509 2949 δυνάμενοι
528 2873 679 2955 ἀπέσχοντο
693 2875 725 2929 τό
739 2871 921 2953 λογογραφεῖν
939 2875 996 2929 οἷον
1014 2872 1210 2948 θεμιστοκλῆς,
1228 2872 1378 2951 Περικλῆς,
1396 2874 1454 2928 ίκα·

329 2974 369 3028 νοὶ
389 2971 462 3035 ὄντες
486 2970 586 3050 λέγειν,
610 2973 654 3027 καί
669 2970 747 3029 ἀλλοι
766 2969 795 3028 δέ
808 2977 864 3028 τῶν
881 2971 994 3028 ἀστείων
1010 2971 1157 3050 ἀνθρώπων
1176 2974 1234 3027 οἷον
1249 2973 1264 3027 ό
1280 2970 1452 3049 Πυθαγόρας,

329 3071 373 3127 καί
397 3071 477 3133 αὐτὸς
497 3069 524 3126 δὲ
546 3072 560 3126 ό
583 3069 741 3148 Σωκράτης.
767 3071 811 3126 Διό
833 3071 878 3126 καί
900 3068 979 3133 αὐτός
1001 3072 1015 3125 ό
1038 3067 1153 3126 Πλάτων
1175 3067 1286 3135 ἐνδόξως
1308 3068 1455 3149 ἐπιχειρῶν

330 3168 478 3241 ἀντιτίθησι
492 3169 554 3232 τοὺς
571 3170 815 3248 συγγραψαμένους.

371 3330 422 3408 ρς’.
447 3327 567 3391 Γλυκῦς
591 3327 708 3406 ἀγκών]
732 3327 789 3386 257
813 3327 852 3387 Ι).

285 3488 295 3498 ’
371 3472 505 3554 Παροιμίαι
527 3470 596 3529 ἐστιν
619 3472 700 3544 αὕτη·
723 3472 806 3535 τόπος
828 3471 884 3529 έστί
904 3494 944 3536 τις
967 3479 1017 3543 τῆς
1037 3471 1170 3549 Αίγάιττοο
1192 3471 1262 3527 οὕτω
1283 3469 1458 3545 καλούμενος

332 3575 400 3632 ὅπου
418 3571 560 3654 δυσχέρεια
579 3569 671 3643 πολλή
692 3568 759 3628 ἐστι·
779 3571 848 3628 κατά
867 3570 1021 3651 ἀντίφρασιν
1036 3568 1084 3627 οόν
1100 3568 1209 3650 εἴρηται
1224 3568 1268 3626 διά
1281 3570 1313 3626 τὸ
1329 3567 1458 3649 δυσχερὲς

363 3763 519 3888 χθιθραρίρ).
537 3765 625 3816 2091)
690 3764 720 3814 25
740 3764 775 3814 οῐ.
795 3763 897 3813 Zenon.
918 3762 953 3820 11,
973 3761 1016 3822 92;
1039 3765 1140 3812 Arosr.
1161 3759 1182 3808 V
1203 3761 1246 3823 503
1268 3761 1350 3811 Suro.
1370 3775 1393 3810 s.
1416 3774 1458 3822 ι·.;

332 3853 415 3891 σου.
451 3851 464 3886 ο

363 3946 425 3998 ΤΙΤ
447 3948 474 3998 11
492 3951 554 4005 τίνες
576 3951 599 3998 οί
621 3945 791 4013 ψοφοδεείςῦ
854 3946 886 3996 20
904 3947 1001 4002 ένδόξος
1025 3943 1084 4005 (εἰσί
1107 3942 1210 4010 άψνήρί]
1232 3957 1248 3992 a
1311 3943 1343 3992 25
1366 3940 1460 4007 γλυκὺς

334 4020 418 4084 ἀγκὼν
434 4022 485 4069 ἐστι
502 4020 624 4084 παροιμία
639 4015 660 4067 C
1073 4016 1077 4022 ’

365 4124 412 4174 NC
430 4122 549 4187 Ιῆσαν...
568 4118 726 4185 ἀλέγουσιν]
742 4122 784 4171 καὶ
804 4118 990 4186 πιπράσκοντας
1008 4116 1098 4175 αὐτοὺς
1115 4114 1201 4166 schol.
1263 4125 1312 4165 των
1334 4113 1461 4181 ῥητόρων]

334 4201 423 4262 ἑτέρων
445 4196 480 4244 Aa
542 4194 557 4243 2
578 4195 663 4256 ἐλεγον
682 4205 737 4242 om.
757 4191 842 4241 schol.
910 4192 924 4239 3
945 4189 1010 4255 τάχ’,
1032 4208 1046 4238 τ
1069 4188 1143 4237 rubr.
1164 4193 1187 4237 Α
1213 4186 1288 4254 (τάχα
1314 4185 1396 4249 plat.)

334 4267 416 4332 θῖνα]
430 4287 484 4318 τινα
503 4265 530 4315 Μ
595 4267 669 4317 5τοῦ
684 4266 802 4326 τιμᾶσθαι
820 4261 892 4329 χάριν
907 4264 950 4312 καὶ
968 4264 981 4312 ό
1000 4261 1098 4317 Λυσίας
1118 4259 1146 4308 M
1212 4258 1242 4310 ἂν
1259 4256 1353 4308 addidi
1417 4258 1461 4306 καὶ

335 4338 436 4390 seclusi
499 4339 561 4388 6τ“ο
580 4341 644 4386 ante
665 4336 826 4392 ὀνειδίζεσθαι
849 4346 903 4382 om.
927 4332 953 4381 M
1019 4330 1100 4394 τιμῆς]
1122 4334 1196 4393 τιμᾶν
1219 4329 1246 4379 Μ
1313 4328 1461 4392 7γελοῑον,

337 4410 481 4475 γευσαΑ,
540 4410 563 4473 γ’
582 4407 651 4456 Plat.
680 4462 683 4463 ⁷
716 4403 837 4468 θὴδίως]
854 4406 942 4466 ἡδίους
961 4402 988 4452 M
1006 4401 1072 4463 (jam
1091 4409 1248 4452 correxerat
1268 4401 1336 4458 Αετ)
1405 4416 1463 4462 γιν-

335 4476 678 4548 ναιοτίρουςῙνεωτὲρονςΜ
744 4474 916 4539 ΙίμυῶνΛΕ
980 4472 1009 4523 1³
1029 4472 1247 4532 οἶει,οἴσιιί)ι.Α
1315 4470 1464 4525 umbro:

339 4550 366 4604 Μ
431 4552 462 4603 16
482 4555 534 4609 καὶ,
555 4571 570 4601 κ
589 4551 664 4600 rubr.
682 4552 705 4597 Α
772 4544 892 4598 οόνοισθα
912 4545 981 4595 Plat.
1046 4544 1077 4595 20
1098 4543 1251 4610 ἀπέσχοντο]
1273 4542 1411 4608 ἀπείχοντο
1432 4537 1471 4590 Μ-

400 4625 430 4674 24
446 4623 547 4690 γλυκὺς,
563 4642 578 4688 γ
593 4621 666 4671 rubr.
686 4623 708 4669 A
772 4620 802 4667 25
819 4637 854 4676 τις
872 4622 932 4681 post
949 4612 1078 4681 Λίγίπτον
1099 4616 1126 4666 Μ
