3150 5504
462 495 517 548 ΕΙΣ
538 498 598 548 TON
622 489 797 546 [munros
819 486 961 543 ΦΑΙΔΡΟΝ
986 488 1107 542 ΣΧΟΑΙΔ
1315 503 1346 552 49

134 648 185 714 [841
219 644 250 699 τό
272 643 366 719 μάντι
385 653 433 704 τοῦ
454 647 655 726 στρατεύματος
674 644 865 724 ἀγωνίζεσθαι,
885 644 917 699 τό
940 640 968 698 δὲ
993 639 1066 713 ᾅδειν
1088 641 1276 717 πολεμοῦντος
1296 652 1344 702 τοῦ

219 741 328 803 λοιποῦ,
349 746 384 802 Τὸ
405 744 434 803 δέ
454 744 493 803 δι’
510 745 599 822 ᾠδῆς
623 744 712 809 εἶδος
732 744 872 822 λίγειαι,
895 741 910 798 θ’
930 741 984 798 ἐστι
1002 750 1051 813 τῆς
1072 742 1218 822 ἐνεργείας,
1236 743 1288 824 ούχ
1302 745 1344 801 ότι

219 839 290 906 είδύς
310 841 366 899 ἐστι
389 853 522 919 μουσικῆς
546 846 576 902 τὸ
599 844 718 923 Λιγύων,
742 844 778 908 ὡς
799 843 830 899 τὸ
853 840 956 919 Δώριον
977 841 995 912 ἢ
1018 841 1146 919 Φρύγιον,
1168 840 1293 898 ἀλλ’ὅτι
1316 841 1343 898 ἐν

215 942 294 997 παντί
308 940 379 1000 είδει
395 952 529 1019 μουσικῆς
545 945 576 1001 τὸ
595 943 706 1023 λιγυρὸν
723 944 769 999 καὶ
782 940 835 1013 ἡδὺ
850 939 1029 1019 ἐπιφαίνεται,
1047 940 1083 1004 ὡς
1101 941 1145 996 καὶ
1161 937 1278 1020 θέλγειν
1291 943 1342 1012 την

168 1041 183 1089 5
215 1041 308 1120 ψυχὴν
322 1041 366 1097 καὶ
379 1042 489 1113 κηλεῖν.
506 1077 546 1085 -
563 1041 607 1106 Είς
623 1040 649 1098 δέ
663 1042 694 1098 τὸ
715 1039 777 1115 ξύμ
793 1062 850 1114 μοι
870 1034 1012 1095 λάόεσθε
1032 1043 1089 1094 τού
1110 1038 1213 1113 μύθου
1232 1038 1342 1097 τελείαν
1405 1087 1407 1091 .

215 1133 256 1193 δεῖ
273 1133 370 1204 σ’τῐξαι·
391 1140 462 1203 τινὲς
484 1141 536 1219 γάρ
557 1138 742 1206 ὑποστίξαντες
761 1139 871 1217 περιττά
889 1137 1039 1215 πράγματα
1058 1134 1139 1218 ἔσχον
1158 1138 1203 1194 καὶ
1224 1138 1340 1217 ἀπορίας

214 1232 399 1308 ἐπλήσθησαν·
412 1239 477 1317 πρὸς
488 1236 555 1295 δέτὸ
572 1240 606 1294 όν
623 1260 662 1313 με
676 1236 859 1314 ἀναγκάζει
874 1238 888 1291 6
905 1233 1080 1313 βέλτιστος
1098 1236 1212 1293 ούτοσί
1227 1236 1340 1315 λέγειν

214 1330 418 1406 ύποστίξαντας,
435 1334 581 1394 ἀποδοτέον
596 1338 627 1394 τό
641 1335 697 1393 ’ίνα
712 1338 726 1392 6
741 1337 872 1413 έταῑρος
887 1333 987 1390 αύτού
1001 1330 1049 1389 έτι
1065 1334 1253 1413 σοφώτερος
1271 1335 1339 1391 εἶναι

213 1425 304 1509 δόξῃ·
326 1434 364 1497 ὡς
386 1434 410 1491 εί
429 1430 535 1513 ἔλεγεν·
559 1435 737 1512 «ἀναγκάζει
756 1434 808 1513 γάρ
829 1454 862 1509 με
881 1432 928 1488 τὸν
948 1430 1032 1510 λόγον
1053 1431 1155 1510 λέγειν,
1175 1431 1221 1488 ἰ’να
1241 1432 1270 1489 ἐκ
1288 1441 1337 1504 τῆς

150 1531 180 1581 1⁰
212 1532 385 1609 παραθέσεως
402 1537 456 1589 τῶν
475 1532 567 1611 λόγων
587 1528 653 1609 δόξῃ
674 1532 748 1607 αύτῷ
768 1534 782 1587 6
802 1530 902 1594 Λυσίας
923 1531 1003 1610 σορός
1019 1531 1098 1587 εἶναι·
1118 1548 1133 1590 ιι
1150 1530 1207 1587 ἐπεί1
1222 1526 1293 1597 δόξει
1307 1533 1337 1587 τὸ

212 1626 330 1686 ἐναντίον
351 1627 476 1711 εὔχεσθαι
497 1631 543 1689 ἵνα
565 1633 579 1687 6
602 1630 701 1694 Λυσίας
724 1631 822 1710 σορὸς
845 1626 974 1703 μᾶλλον
997 1623 1087 1705 δόξῃ.
1112 1629 1227 1685 Δυνατὸν
1246 1627 1274 1685 δέ
1293 1632 1337 1685 καὶ

211 1726 298 1791 οότως
321 1720 516 1806 ἐξηγήσασθαι·
541 1748 556 1789 ιι
580 1727 671 1799 ἐπειδὴ
695 1727 770 1785 δοκεῖ
791 1733 830 1801 τῷ
853 1725 964 1806 Φαίδρῳ
988 1727 1070 1806 σορὸς
1097 1726 1166 1783 εἶναι
1188 1728 1202 1783 6
1227 1728 1335 1797 Λυσίας,

211 1820 417 1882 συλλάόεσθέ
438 1847 505 1900 μοι,
521 1826 567 1882 ίνα
586 1824 697 1897 ἀληθῶς
718 1817 783 1900 δόξῃ
800 1825 881 1904 σορὸς
898 1824 966 1881 εἶναι
983 1824 1021 1897 μή
1038 1822 1075 1878 ὢν
1091 1824 1140 1898 μὲν
1157 1824 1235 1904 σορὸς
1250 1823 1336 1884 δοκῶν

211 1916 250 1989 δέ,
267 1922 399 1979 τουτέστιν
419 1922 464 1979 ἵνα
487 1922 638 1995 δοκούσαὴ
661 1922 743 2003 σοφία
764 1922 846 1978 αὐτοῦ
868 1925 937 2002 ῃανῃ
959 1923 1003 1978 καὶ
1025 1923 1064 1995 μή
1085 1921 1202 1994 ἀληθὴς,
1224 1921 1288 1980 ἀλλ’
1308 1924 1334 1981 ἐν

147 2023 177 2071 15
192 2010 194 2013 ’
209 2014 274 2094 δόξῃ
289 2021 335 2075 καί
349 2017 502 2100 δοξοσορία.
520 2019 624 2102 Ὥσπερ
639 2023 690 2099 γάρ
704 2022 737 2077 τά
752 2021 848 2100 φυσικά
863 2018 1001 2095 ἐπιστήμῃ
1017 2018 1067 2075 οὐκ
1081 2015 1137 2076 ἐστι
1154 2018 1247 2092 ληπτά
1262 2020 1334 2079 ἀλλὰ

208 2112 286 2192 δόξῃ,
309 2119 354 2174 καίΙ
375 2120 390 2175 6
412 2113 531 2187 δοξάζων
553 2120 706 2195 ἐπιστήμην
725 2120 814 2177 αὐτῶν
833 2117 906 2198 ἐχειν
925 2119 1075 2190 ἠπάτηται,
1095 2120 1109 2175 6
1128 2116 1157 2176 δέ
1174 2120 1239 2177 αὐτὸ
1254 2126 1333 2178 τοῦτο

206 2211 287 2278 εἰδὼς
307 2214 348 2272 ότι
370 2210 436 2293 δόξῃ
459 2217 513 2274 ἐστὶ
535 2216 626 2289 ληπτά
646 2218 786 2290 ἀληθεύει,
802 2223 898 2274 τοῦτον
920 2218 966 2273 τὸν
984 2216 1084 2294 τρόπον
1102 2219 1147 2273 καὶ
1165 2219 1180 2274 6
1200 2218 1331 2298 Φαῖδρος,

206 2310 252 2367 ἐὰν
271 2319 328 2390 γνῷ
348 2314 389 2370 θ’·τι
410 2312 527 2372 δοκοῦσά
546 2316 600 2372 ἐστι
619 2316 700 2396 σορία
717 2319 736 2387 ἡ
756 2322 804 2372 τού
825 2316 923 2373 Λυσίου
939 2316 985 2372 καὶ
1005 2316 1054 2372 οὐκ
1072 2315 1179 2387 ἀληθὴς
1194 2315 1331 2393 ἐπιστήμη

206 2407 266 2466 ούδέ
285 2411 376 2491 σοφία,
398 2411 558 2492 ὠφελεῖται.
578 2448 615 2460 -·
636 2418 726 2472 Μῦθον
742 2404 770 2471 δὲ
794 2407 852 2472 είπε
872 2416 918 2470 τὸν
940 2415 1036 2470 ἐαυτοῦ
1058 2412 1153 2492 λόγον,
1178 2413 1272 2486 ἐπειδὴ
1295 2417 1332 2482 ὡς

141 2513 173 2563 ‘26
205 2509 273 2585 πρὸς
287 2509 334 2564 τόν
348 2510 439 2582 ἀληθῆ
458 2511 541 2590 λόγον
555 2513 601 2568 τόν
620 2513 681 2590 περὶ
701 2508 800 2591 έρωτος
818 2514 862 2568 καὶ
883 2512 1095 2569 ἐνθουσιαστικὸν
1113 2511 1241 2587 ἐπίμυθος
1257 2511 1332 2571 δοκεῖ

95 2600 285 2670 ί“311“”ούτος
306 2608 384 2680 εἶναι,
404 2610 409 2688 Ι
427 2608 477 2667 κάν
499 2610 614 2691 σώρρων
639 2611 748 2692 ὑπάρχῃ
773 2613 788 2667 6
812 2610 889 2690 ἔρως,
914 2612 958 2667 καί
983 2608 1049 2692 [ότι]
1073 2608 1166 2682 ἐπειδὴ
1188 2611 1258 2668 κατά
1281 2619 1329 2669 τοῦ

205 2697 305 2780 ἔρωτος
324 2710 371 2761 τού
391 2708 452 2785 περὶ
469 2709 499 2763 τό
520 2708 684 2788 φαινόμενον
698 2711 743 2764 καὶ
761 2706 855 2765 ένυλον
869 2707 1038 2782 ἐπτοημένου
1054 2705 1152 2783 μέλλει
1171 2707 1272 2787 λέγειν.
1289 2746 1328 2755 -

203 2797 270 2880 Ὅρα
285 2800 332 2859 ούν
343 2804 415 2876 πόση
431 2804 545 2886 διαρορά
559 2807 655 2864 τούτου
670 2813 717 2864 τοῦ
734 2807 819 2886 λόγου
838 2812 885 2863 τοῦ
902 2807 1136 2886 Σωκρατικοῦκαὶ
1150 2812 1198 2864 τοῦ
1214 2806 1326 2865 Λυσίου·

201 2901 215 2955 6
232 2902 345 2981 μὲνγὰρ
360 2895 573 2983 άπροοίμίαστος
590 2909 625 2977 ἦν
644 2908 688 2962 καί
708 2907 759 2962 ἀπὸ
779 2910 917 2963 σκοτεινοῦ
935 2905 981 2961 καί
1000 2906 1155 2985 πανούργου
1173 2908 1218 2963 καί
1237 2909 1327 2988 κρύρᾳ

137 3002 167 3052 25
200 2993 348 3072 ὠδινούσης
361 3003 410 3072 την
425 3002 574 3061 ἀκολασίαν
589 3005 677 3085 ἀρχῆς
693 3002 808 3086 ἤρχετο·
827 3023 843 3063 ι(
863 3005 938 3082 περὶ
958 3004 1015 3078 μέν
1034 3009 1097 3060 τῶν
1119 3004 1207 3079 ἐμῶν
1224 3027 1327 3085 πραγ-

202 3094 311 3166 μάτων
333 3097 491 3171 ἀκήκοας·
510 3121 525 3161 ιι
548 3104 563 3158 6
582 3100 610 3158 δέ
629 3102 682 3159 ἀπὸ
703 3100 831 3176 λαμπρᾶς
846 3104 951 3173 καὶτῆς
967 3099 1212 3180 πρόςτούςθεούς
1228 3103 1322 3184 εὐχῆς·

198 3192 242 3247 καί
257 3195 271 3249 6
288 3195 337 3269 μὲν
353 3198 512 3278 πανούργως
525 3201 571 3256 καί
585 3199 702 3264 σκολιῶς
716 3203 762 3256 καί
781 3200 1025 3281 ἐσχηματισμένως
1041 3200 1102 3278 περὶ
1120 3198 1185 3257 όλον
1199 3201 1324 3281 ἀναστρέ-

198 3309 275 3368 φεται
286 3292 333 3348 τὸν
346 3292 441 3373 λόγον,
458 3297 472 3353 6
486 3295 514 3354 δὲ
530 3301 601 3374 μετά
613 3298 704 3370 πάσης
721 3296 849 3370 ἀληθείας
863 3299 908 3354 καί
922 3296 1082 3363 ἀποδείξεως
1096 3297 1141 3354 καὶ
1158 3297 1320 3374 ἐπιστήμης.

197 3421 237 3431 —
250 3390 284 3445 T6
300 3388 329 3446 δέ
345 3394 492 3469 αἰμύλος
512 3396 568 3454 ἀντί
582 3402 630 3454 τοῦ
645 3397 770 3454 ἀπατεὼν
786 3399 830 3453 καὶ
844 3402 996 3476 πανοῦργος
1009 3398 1054 3453 καὶ
1068 3395 1161 3462 δόλιος
1178 3396 1321 3470 εἴληπται·

137 3564 169 3613 30
723 3557 876 3636 αἰμυλίοισι
896 3560 1002 3638 λόγοισι

494 3653 596 3735 δέλγει
617 3658 692 3721 ὅπως
716 3655 823 3731 Ἰθάκης
844 3658 1012 3730 ἐπιλήσεται·

224 3917 354 3970 2523013
415 3921 447 3973 30
463 3921 538 3973 Ηοιι.
557 3941 572 3973 α
587 3924 664 3973 56-57

226 4058 531 4122 ΝΟ3τηςμουσικήςΜ
597 4059 739 4125 ιὲιςίιιαὶΜ
805 4058 1128 4126 τδιιιιίσόὼριονοιιι.θί
1194 4059 1317 4126 θστῖίαι]

192 4132 278 4187 πιέζειν
296 4128 323 4178 Μ
387 4128 498 4197 περιττά]
515 4133 572 4197 περὶ
588 4132 619 4181 τδι
636 4130 678 4188 Μ;
696 4133 752 4198 περὶ
772 4133 849 4181 ταῦτα
863 4133 922 4180 As?
986 4130 999 4179 7
1016 4129 1203 4192 ἐνεπλήσθησαν
1225 4128 1252 4178 M

191 4197 229 4263 ὃν]
248 4200 262 4250 δ
283 4200 309 4249 Μ
374 4201 598 4265 θύποστίξαντας]
615 4199 831 4260 ύποστίξαντεςθό
897 4203 930 4257 έτι
948 4215 1003 4251 om.
1021 4200 1048 4249 M
1114 4201 1148 4251 ἰ’τι
1164 4200 1335 4266 σορὼτεροςί

190 4271 270 4335 plura
283 4272 359 4336 apud
375 4273 520 4322 Platonem
583 4276 678 4325 θὼοεῖ
695 4278 718 4324 Α
783 4274 814 4323 10
828 4275 880 4324 ἐπεὶ
891 4273 968 4338 δόξει]
982 4271 1136 4329 ἐπιδείξειΜ
1204 4272 1234 4321 19
1251 4277 1316 4337 ὠρε-

190 4344 308 4395 λεῐταιλιί
325 4348 448 4409 ὠφέληται
464 4344 511 4394 ΑΕ
574 4347 603 4396 21
622 4346 659 4397 ότι
673 4346 774 4396 seclusi
836 4347 867 4395 24
884 4342 1039 4412 πανούργουί
1055 4342 1186 4410 πανάργον
1203 4343 1230 4393 Μ
1248 4344 1313 4406 §jam

189 4419 421 4476 correxeratAsr)
485 4417 515 4466 25
533 4416 624 4484 ἀρχῆς]
640 4420 706 4491 ἀρχῃ
722 4418 749 4467 Μ
767 4416 832 4479 (jam
843 4425 998 4468 correxerat
1011 4419 1079 4476 Asr)
1143 4415 1174 4464 26
1192 4415 1317 4486 ἀκήκοας]

189 4490 322 4538 ἐπίστασαι
343 4488 412 4538 Prar.
434 4488 491 4550 (sed
514 4489 626 4553 ἀκήκοας
650 4490 733 4553 paulo
757 4495 826 4553 post)
890 4488 922 4538 28
942 4488 1024 4550 πάσης
1045 4486 1155 4537 evanid.
1178 4487 1206 4537 in
1230 4492 1252 4538 A

190 4559 314 4622 ἀληθείας]
334 4562 454 4623 ἀμαθείας
480 4564 516 4609 Αίι
581 4562 612 4611 29
632 4564 755 4626 εΐιηπταιί
778 4566 873 4629 εἴρηται
895 4560 958 4611 B'M
1022 4560 1054 4609 30
1073 4563 1158 4625 λόγοις
1178 4560 1252 4611 ΑΒΕ

189 4630 218 4681 31
233 4630 322 4697 θέλγει]
335 4634 397 4682 θέλει
410 4631 437 4680 Μ
452 4632 518 4695 {iam
533 4641 690 4685 correxerat
705 4637 772 4696 Αετ)

257 4737 424 4790 (Ξουνιιιιιιιι
1174 4746 1189 4794 4
