3120 5506
355 480 410 550 ειε
431 482 493 535 ιον
515 481 691 531 ιιιιτιιιιοε
713 480 856 532 ψιιιιον
880 458 1000 543 mmm
1083 556 1084 559 η
1195 489 1239 539 169

17 647 86 713 [1521
118 641 169 709 τὴν
189 639 242 695 ἀπὸ
260 637 393 716 γενέσεως
413 640 450 702 εἰς
472 640 587 717 γένεσιν,
605 641 650 697 καί
669 645 742 698 ποιεῖ
758 640 805 697 τόν
823 663 852 698 τι
870 641 1011 723 τρισχίλια
1026 645 1071 699 καὶ
1084 644 1130 699 τδν
1144 643 1237 722 μόρια.

117 737 148 795 Τί
162 736 210 793 οῦν
226 737 355 814 βοόλεται
370 734 413 793 διά
430 737 532 793 τούτων
549 739 704 796 αἰνίττεσθαι
722 739 818 797 λοιπόν
833 741 847 796 6
863 740 991 815 Πλάτων;
1006 740 1130 814 ἰΡητέον,
1147 743 1237 822 φησὶν,

119 837 161 893 δτι
180 833 354 908 τελειόιητός
373 835 445 900 τινός
467 835 520 893 ἐστι
540 832 679 911 σόμόολον
697 837 759 895 ὅτε
777 837 916 919 τρισχίλια
932 841 977 895 καί
994 841 1008 895 ό
1027 839 1120 917 μόρια·
1144 839 1175 894 οῦ
1189 839 1239 918 γάρ

19 942 104 1007 ρ.153
120 937 157 998 ὡς
171 933 245 992 δοκεῖ.
261 934 402 1016 ἐμφαίνειν
416 936 446 991 τὸ
462 937 651 1010 μαθηματικόν
664 937 736 992 οὕτω
752 936 837 1014 λέγει·
854 938 871 1008 ή
891 937 896 1015 Ι
914 938 966 1015 γάρ
979 936 1010 992 ἀν
1025 944 1096 993 πάσα
1108 938 1182 1017 ψυχή
1196 935 1239 994 διά

71 1045 86 1092 5
120 1034 224 1113 μυρίων
246 1032 572 1108 έτῶνάποκαθισταμένη
595 1035 638 1089 καί
661 1031 763 1112 ’έρημον
788 1032 819 1089 ἀν
843 1034 955 1107 ἐποίησε
979 1036 1026 1091 τόν
1049 1033 1115 1111 τῇδε
1136 1036 1239 1110 κόσμον

119 1137 225 1213 ψυχῶν·
242 1130 306 1189 ἀλλ’
321 1129 451 1188 ἀδόνατον
466 1131 507 1188 ἀεί
521 1128 569 1187 ’ένα
585 1132 646 1209 βίον
660 1130 770 1203 ἀληθῶς
785 1132 1006 1213 φιλοσοφήσασαν
1021 1133 1239 1205 ἀποκαταστῆναι

118 1231 162 1286 καί
180 1230 352 1309 τρισμυρίους
373 1227 593 1310 φιλοσοφήσασαν
615 1229 744 1305 ἐμπαθῶς
766 1231 810 1286 καί
828 1229 926 1296 δολίως
949 1233 987 1306 μή
1008 1232 1236 1303 ἀποκαταστῆναι.

119 1326 204 1399 Δηλοῖ
219 1325 247 1383 δὲ
267 1329 311 1384 καί
325 1329 339 1384 6
357 1325 488 1407 Ἀρδιαῖος
509 1327 536 1384 ἑν
554 1333 588 1403 τῇ
604 1326 760 1400 Πολιτείᾳ
773 1328 882 1393 πολλάς
896 1327 1023 1409 χιλιάδας
1039 1329 1107 1386 ἐτῶν
1122 1332 1238 1401 ποιήσας

119 1427 170 1483 ὑπὸ
190 1434 241 1504 γῆν
261 1427 307 1483 καί
329 1429 367 1501 μὴ
387 1425 536 1501 δυνάμενος
558 1427 589 1483 ἐκ
609 1433 656 1483 τοῦ
676 1429 787 1502 στομίου
807 1426 940 1504 ἀνελθεῖν,
962 1434 1017 1485 τῶν
1037 1427 1132 1486 ἀλλων
1150 1430 1239 1486 ἀνιου-

55 1537 87 1588 10
118 1529 173 1581 σῶν
195 1527 304 1605 ψυχῶν.
327 1525 360 1580 'fl
384 1525 482 1589 οὕτως·
506 1525 537 1581 οῦ
560 1526 590 1582 τὸ
614 1526 805 1601 μαθηματικὸν
826 1526 872 1581 καί
896 1525 1072 1605 ἀριθμητικὸν
1093 1533 1148 1583 τῶν
1171 1526 1238 1583 ἑτῶν

116 1620 221 1694 πλῆθος
236 1622 364 1699 βοόλεται
380 1621 478 1694 δηλοῦν
493 1624 507 1679 ὁ
523 1622 651 1692 Πλάτων,
667 1622 741 1682 ἀλλά
757 1624 841 1702 μέτρα
854 1621 1038 1695 τελειοτήτων
1054 1626 1099 1680 καίΙ
1116 1623 1238 1700 βαθμοὺς

119 1719 250 1797 βούλεται
267 1724 337 1796 ἡμῖν
360 1723 499 1795 σημαίνειν
516 1722 632 1800 πρώτων
651 1743 679 1779 τε
701 1722 745 1778 καί
766 1724 855 1797 μέσων
874 1724 918 1778 καί
939 1721 1114 1780 τελευταίων.
1133 1720 1237 1793 Ἐπειδὴ

118 1819 169 1899 γὰρ
184 1821 211 1876 αἳ
224 1821 271 1894 μὲν
281 1826 381 1878 Βάττον
395 1820 622 1877 ἀποκαθίστανται
632 1813 686 1877 τῶν
697 1824 805 1902 ψυχῶν,
819 1823 847 1876 αἳ
859 1818 887 1877 δὲ
902 1819 1075 1901 βραδύτερον,
1088 1819 1179 1892 ἐπειδὴ
1193 1821 1237 1876 καὶ

119 1919 147 1974 αἳ
160 1918 209 1992 μἐν
222 1917 319 1995 ὀλίγης
331 1918 488 1997 καθάρσεως
503 1917 619 1992 δέονται,
637 1920 665 1976 αἳ
679 1917 708 1976 δέ
721 1919 863 1991 πλείονος,
879 1921 924 1975 καὶ
938 1914 1008 1975 έστιν
1023 1921 1038 1975 6
1055 1921 1104 1994 μὲν
1118 1919 1180 1998 τρία
1199 1920 1237 1982 ὡς

56 2030 86 2078 15
119 2016 145 2072 έν
167 2015 290 2073 ἐλάττονι
309 2017 414 2095 ἀριθμῷ
434 2016 535 2082 τέλειος
551 2019 638 2098 ἀρχάς
662 2019 708 2075 καί
732 2019 800 2094 μέσα
818 2019 864 2074 καί
883 2017 963 2083 τέλος
985 2015 1069 2098 ἔχων,
1092 2020 1106 2074 6
1128 2016 1156 2074 δὲ
1176 2016 1238 2074 δέκα

115 2112 195 2170 πάλιν
209 2116 254 2170 καὶ
269 2114 349 2178 αιίτός
361 2113 464 2180 τέλειος
478 2115 537 2173 κατ’
550 2114 620 2173 ἀλλο
634 2115 706 2182 εἶδος
719 2117 861 2194 γινόμενος
876 2117 977 2181 πάντας
991 2116 1054 2181 τοῦς
1067 2117 1196 2196 ἀριθμοὺς
1211 2118 1238 2172 ἐν

118 2215 203 2292 ίαυτῷ
220 2215 364 2295 περιέχων,
384 2216 430 2272 καί
449 2210 519 2272 ἔστιν
538 2218 553 2282 ό
573 2217 621 2291 μέν
641 2216 703 2295 τρία
722 2214 855 2294 ἀνάλογον
874 2222 910 2294 τῷ
931 2214 1077 2296 τρισχιλια,
1098 2217 1112 2272 6
1132 2215 1160 2272 δέ
1175 2214 1239 2272 δέκα

116 2317 154 2392 τῷ
169 2312 251 2390 μόρια
267 2311 367 2391 (μονάς
379 2313 428 2392 γάρ
441 2336 479 2377 τις
491 2315 615 2392 έκάτερος
630 2314 719 2371 αὐτῶν
733 2317 778 2371 καί
791 2314 958 2394 περιεκτικός
970 2315 1078 2371 πάντων
1090 2304 1237 2394 ἀριθμῶν),

118 2408 162 2466 διά
175 2415 256 2466 τοῦτο
271 2416 310 2489 τῷ
325 2409 462 2491 τρισχίλια
475 2412 573 2490 καὶτῷ
590 2413 673 2492 μόρια
687 2412 835 2493 ἐχρήσατο,
853 2410 947 2484 δηλῶν
962 2411 1003 2468 δ’τι
1014 2402 1045 2468 ἰαί
1062 2413 1111 2486 μὲν
1128 2411 1239 2491 φιλοσο-

54 2518 86 2568 20
118 2511 237 2589 φήσασαι
252 2509 367 2573 τελείως
387 2507 421 2566 δι’
437 2509 581 2574 ἐλάττονος
597 2511 698 2590 χρόνου
717 2512 946 2567 ἀποκαθίστανται
968 2511 1005 2573 εἷς
1020 2511 1051 2565 τὸ
1066 2510 1175 2581 νοητὸν,
1192 2511 1238 2566 ἅτε

117 2605 247 2682 οὐδεμιᾶς
261 2607 279 2679 ἢ
295 2605 394 2685 ὀλίγης
408 2609 564 2687 καθάρσεως
580 2607 716 2683 δεόμεναι,
734 2611 761 2666 αί
777 2607 805 2665 δέ
822 2607 925 2665 πολλαί
941 2606 984 2664 διά
1000 2595 1124 2671 πλείονος
1139 2609 1239 2688 χρόνου

117 2705 352 2776 ἀποκαθίστανται,
373 2706 419 2762 σ’ἰτε
437 2703 548 2777 πολλῆς
569 2704 708 2769 κολάσεως
731 2707 775 2762 καί
796 2706 952 2785 καθάρσεως
973 2706 1135 2786 χρῄζουσαι.
1156 2707 1204 2761 Καί
1225 2707 1239 2761 6

117 2802 196 2884 χίλια
213 2801 242 2860 δὲ
258 2802 356 2882 μέτρον
374 2825 399 2860 τι
414 2802 492 2876 δηλοῖ
506 2803 676 2876 τελειότητος
691 2813 740 2877 τῆς
757 2805 808 2861 ὑπὸ
821 2813 872 2882 γῆν
887 2803 1088 2883 καθαιρομένης
1103 2806 1207 2883 ψυχῆς,
1224 2805 1238 2859 ὀ

117 2901 218 2982 έχουσα
237 2897 344 2981 έρχεται
363 2901 442 2958 πάλιν
463 2903 500 2966 είς
519 2903 632 2979 γένεσιν,
653 2903 699 2959 καὶ
717 2901 797 2959 πάλιν
816 2902 929 2960 ἐνταῦθα
948 2903 966 2972 ἢ
987 2900 1016 2958 εὗ
1035 2902 1054 2972 ἢ
1074 2907 1164 2964 κακῶς
1181 2899 1238 2957 δια·

54 3011 86 3061 25
120 3001 223 3070 ζήσασα
239 3000 367 3079 τυγχάνει
386 3000 437 3056 ὑπὸ
455 3008 507 3077 γῆν
525 3009 575 3071 τῆς
595 2999 775 3080 ὀφειλομένης
795 2999 980 3072 τελειότητος·
1001 2998 1070 3056 ὥστε
1084 2998 1114 3055 οὐ
1129 2999 1237 3062 πάντως

116 3097 147 3152 εδ
162 3099 292 3153 τοσοῦτον
306 3093 414 3167 πλῆθος
431 3102 486 3153 τῶν
504 3095 571 3154 ἐτῶν
588 3096 718 3169 δηλοῦσιν
733 3095 792 3155 αίόε
808 3099 836 3154 αἱ
855 3095 985 3176 περίοδοι,
1005 3098 1044 3160 ὡς
1061 3098 1170 3160 πάντως
1196 3094 1238 3152 διὰ

117 3196 247 3251 τοσούτου
266 3195 367 3274 χρόνου
383 3195 636 3269 ἀποκαθισταμένων
651 3202 706 3252 τῶν
721 3200 828 3276 ψυχῶν,
848 3195 923 3253 ἀλλά
941 3191 1117 3270 συμόολικῶς
1131 3192 1238 3251 τελειό-

10 3314 31 3362 ς·
40 3314 102 3363 531·
118 3292 201 3364 τητός
221 3315 247 3350 τι
266 3294 366 3350 οἰκεῖον
384 3295 481 3372 μέτρον
502 3292 641 3369 δηλοῦσιν,
663 3296 677 3351 6
695 3295 726 3350 τὸ
745 3304 885 3375 προσῆκον
904 3290 1082 3352 ἀπολαόοῦσα
1101 3293 1105 3373 Ι
1124 3296 1141 3364 ἠ
1162 3295 1237 3372 ψυχὴ

118 3392 163 3446 καὶ
176 3393 227 3462 τήν
244 3392 341 3463 ἑαυτῆς
354 3397 458 3472 σχοῦσα
471 3391 634 3464 τελειότητα
648 3392 867 3452 ἀποκαθίσταται.

58 3554 89 3602 30
161 3535 218 3607 μς’.
243 3535 279 3589 λέ
302 3531 335 3589 δέ
357 3530 454 3590 ἀλλαι
474 3535 550 3592 όταν
572 3538 626 3593 τὸν
648 3542 777 3616 πρῶτον
801 3539 888 3618 βίον]
911 3540 969 3596 249
992 3543 1030 3601 Α.

160 3681 291 3755 Πρῶτον
306 3678 354 3751 μὲν
371 3678 443 3753 βίον
458 3676 544 3757 λέγει,
561 3682 591 3737 δν
604 3682 698 3737 νεωστί
712 3681 878 3739 κατελθοῦσα
891 3682 943 3737 ἀπὸ
958 3687 1006 3738 τοῦ
1019 3686 1148 3754 νοητοῦή
1162 3685 1238 3763 ψυχὴ

99 3798 102 3806 ·
119 3771 197 3850 διαζῇ
213 3773 334 3834 ἐνταῦθα.
352 3774 460 3847 Ἐπειδὴ
476 3775 504 3833 δὲ
517 3779 603 3857 κρίσις
619 3780 657 3842 ’ῶς
673 3779 700 3835 έν
713 3779 811 3837 πλάτει
824 3784 914 3859 τριττή
932 3780 998 3853 ἐστι,
1014 3783 1139 3860 περὶτῆς
1155 3783 1240 3856 μέσης

120 3871 195 3951 λέγει
216 3872 337 3932 ἐνταῦθα.
359 3875 431 3931 Ἔστι
451 3877 501 3956 γάρ
523 3878 616 3956 πρώτη
641 3879 690 3953 μὲν
711 3879 797 3958 κρίσις
817 3882 835 3948 ιλ,
857 3879 927 3957 αὐτῷ
949 3884 986 3956 τῷ
1008 3880 1048 3936 Διί
1069 3880 1116 3936 σῦν
1136 3879 1237 3957 Αἰακῷ,

152 4060 351 4128 8Ηορ.ΧθΙ5
369 4067 416 4117 DE

149 4168 211 4219 TIT
228 4169 258 4218 ³2
274 4168 356 4236 τριττή
372 4168 442 4232 (eod.
456 4169 523 4232 διττὴ
538 4169 587 4220 sed
601 4170 638 4220 cI.
656 4170 710 4231 NG)
727 4173 743 4233 ἡ
756 4173 837 4237 κρίσις
852 4170 873 4220 C

151 4268 199 4319 ΝΟ
218 4269 234 4319 2
251 4271 380 4320 αίνίττεται
401 4270 429 4318 Μ
493 4274 567 4333 φασίν
587 4271 632 4321 vel
647 4272 761 4337 [φησίνΓί
825 4275 991 4332 3τινοςάστι
1010 4276 1034 4323 Α
1099 4273 1186 4339 θῆῙῆ
1209 4275 1239 4324 Μ

179 4338 430 4405 ἀφιλοσοφήσασαν]
447 4341 619 4405 φιλοσοφήσας
635 4344 663 4392 Μ
726 4346 800 4394 Ἰκαί
813 4348 975 4411 τρισμυρίους
989 4371 1019 4381 -
1034 4346 1239 4409 ἀποκαταστῆναι
1320 4399 1321 4402 ,

118 4424 172 4460 om.
198 4412 226 4460 M
291 4411 322 4460 13
345 4414 438 4462 θᾶττων
462 4412 491 4461 Μ
557 4415 586 4462 14
610 4420 644 4473 ὡς
665 4429 720 4465 om.
744 4416 772 4464 M
836 4415 867 4466 15
889 4415 996 4483 ἀριθμῷ]
1021 4417 1124 4483 ἀριθμδς
1145 4416 1175 4465 Μ

117 4482 149 4530 26
164 4483 192 4532 τὸ
208 4495 263 4531 om.
284 4482 313 4530 M
377 4483 409 4532 30
425 4487 452 4533 αι
468 4483 542 4532 rubr.
566 4488 590 4535 Α
654 4487 684 4536 ³2
699 4485 791 4553 τριττήΙ
807 4487 873 4551 διττή
890 4487 990 4537 Meet.
1005 4500 1068 4551 ηοω
1083 4493 1239 4551 sequuntur

180 4553 210 4602 33
228 4554 294 4620 αὐτῷ
309 4563 344 4621 τῷ
362 4555 412 4616 Διί]
430 4555 491 4605 tort.
508 4556 585 4607 αὑτοῦ
604 4561 648 4609 τοῦ
664 4560 722 4618 Διδς
737 4559 895 4622 legendum,
911 4560 963 4609 nisi
978 4559 1109 4610 malueris
1122 4559 1189 4627 αὐτῷ
1203 4568 1238 4627 τῷ

119 4624 159 4674 Διί
175 4642 220 4675 συν
235 4628 331 4684 <οῦσα
346 4628 419 4686 καί>
434 4629 525 4695 Αἰακῷ
