3120 5506
351 483 406 533 ΕΙΣ
427 485 488 534 TON
510 484 687 535 ΠΛΑΤΩΝΟΣ
709 485 852 535 ΦΑΙΔΡΟΝ
875 484 997 534 ΣΧΟΛΙΑ
1031 519 1033 523 .
1187 490 1233 543 143

11 643 77 711 [1371
111 635 254 694 ἀκουστέον
267 635 298 694 οὐ
311 642 406 695 τοῦτον
418 639 464 695 τὸν
479 639 614 711 αἰσθητὸν·
628 644 686 704 πῶς
698 639 749 719 γάρ
764 637 795 696 ἀν
806 638 851 695 καί
863 643 925 697 &eoi
938 636 1097 713 εὐδαίμονες
1110 636 1234 717 λέγοιντο

110 736 155 791 καί
168 734 198 791 τὸ
215 736 346 816 μακάριον
360 734 433 817 ἔχειν
446 745 496 809 τῆς
511 737 576 802 θέας
591 735 634 794 διά
649 738 696 802 τάς
712 735 780 802 eta<
793 738 841 801 τάς
857 736 932 800 έντὸς
945 736 1042 794 τούτου
1058 741 1105 793 τοῦ
1121 735 1235 815 οὐρανοῦ

112 832 179 890 όπου
191 855 222 912 γε
236 832 299 891 οὐδὲ
313 840 350 913 τῷ
363 833 516 912 σπουδαίῳ;
533 834 614 910 Ἡμῖν
628 836 677 911 μἐν
691 835 746 917 γάφ
761 833 820 892 κατ’
834 833 957 907 αίσδησιν
975 837 1055 902 ζῶσιν
1067 828 1234 891 ’ἀπούλέπειν

112 931 149 995 είς
169 931 249 989 αὐτόν
266 930 377 1008 άμεινον
391 931 461 1014 ἤπερ
476 935 513 997 είς
529 932 600 992 ἄλλο
611 956 648 990 τι·
667 934 698 992 οὐ
715 936 770 1008 μὴν
786 939 867 990 τοῦτο
882 933 913 990 τὸ
929 931 1060 1008 εὐδαῖμον
1076 938 1133 989 τῶν
1151 935 1237 1010 ἡγου·

12 1035 96 1102 p.138
113 1029 202 1103 μένων
221 1032 266 1086 καίΙ
284 1032 424 1106 ἑπομένων
440 1036 527 1092 θεῶν.
548 1030 553 1110 Ι
570 1032 643 1096 Τινὲς
661 1032 709 1106 μέν
725 1030 772 1088 οὐν
788 1028 998 1110 καταγελάστως
1012 1032 1088 1088 εἶπον
1104 1031 1146 1087 ότι
1161 1054 1175 1085 «
1191 1031 1237 1087 καί

112 1128 163 1207 γάρ
180 1127 366 1209 εὐφραίνονται
382 1125 582 1194 ἀπούλέποντες
604 1130 642 1195 είς
661 1131 708 1193 τάς
723 1129 874 1210 ἀνθρώπων
888 1128 1037 1195 πολιτείας·
1058 1130 1095 1194 ὡς
1111 1130 1156 1186 καί
1169 1127 1235 1208 παρ’

112 1223 222 1309 Ὁμήρῳ
238 1228 253 1285 ὁ
267 1227 331 1292 Ζεύς
347 1227 471 1309 ίτέρπετο

270 1403 409 1482 καθορόων
422 1402 520 1483 Τρώων
534 1424 563 1461 τε
576 1401 658 1460 πόλιν
673 1403 718 1460 καὶ
733 1400 801 1460 λαὸν
818 1401 936 1485 ’λχαιῶν

109 1520 156 1556 και

48 1600 79 1651 10
270 1600 363 1681 νόσφιν
377 1581 418 1681 ἀφ’
433 1597 596 1657 ἱπποπόλων
611 1604 726 1680 Θρῃκῶν
739 1600 932 1681 καθορώμενος
947 1601 1019 1662 αἶαν.

112 1765 204 1836 Δῆλον
223 1763 253 1823 δέ
271 1767 312 1823 ότι
332 1767 381 1825 οὐκ
399 1766 611 1850 ἐπιστρέφοντς
622 1767 659 1832 εἷς
678 1770 751 1842 ἡμᾶς
767 1767 855 1833 οὕτως
874 1771 957 1845 ἡμῶν
976 1775 1147 1850 προνοοῦσιν,
1161 1768 1236 1829 ἀλλά

27 1926 29 1931 ,
110 1865 179 1944 πρὸς
201 1870 240 1939 τῷ
262 1867 365 1923 ἑαυτῶν
388 1866 513 1946 μακαρίῳ
534 1863 610 1932 ὄντες
631 1865 701 1946 αὐτῷ
723 1872 760 1945 τῷ
782 1868 852 1924 εἶναι
872 1868 906 1924 τά
927 1872 1009 1944 ἡμῶν
1030 1868 1059 1926 εὐ
1079 1867 1233 1930 διατιθέασι.

110 1964 218 2021 Τούτων
239 1966 288 2040 μὲν
305 1963 352 2021 οὐν
371 1964 535 2023 ἀποστατέον
552 1971 606 2022 τῶν
621 1960 709 2031 δοξῶν
725 1966 770 2021 καί
783 1966 879 2023 τούτου
892 1971 940 2023 τοῦ
958 1967 1088 2039 αἰσθητοῦ
1104 1967 1233 2049 Οὐρανοῦ,

110 2061 227 2142 Οὐρανὸν
241 2059 270 2119 δὲ
284 2062 428 2120 ἀκουστέον
440 2061 620 2142 λέγεσθαιτὸν
635 2061 715 2144 ἀκρον
730 2069 784 2120 τῶν
798 2069 899 2144 νοερῶν
913 2070 1002 2139 θεῶν,
1016 2067 1046 2123 δν
1061 2066 1087 2123 οί
1106 2064 1236 2144 Βεολόγοι

48 2167 78 2216 15
110 2162 213 2240 πατέρα
233 2161 283 2237 μὶν
303 2162 416 2242 Κρόνου,
439 2162 596 2243 προπάτορα
618 2160 647 2219 δέ
669 2163 729 2228 Διός
750 2185 825 2244 φασι.
847 2161 949 2220 Πολλαί
969 2163 1060 2222 τοίνυν
1078 2160 1167 2231 τάξεις
1186 2165 1236 2222 εἶσί

109 2266 164 2316 τῶν
180 2265 282 2340 νοερῶν
299 2266 373 2318 θεῶν
388 2260 441 2317 ἀπὸ
459 2266 508 2318 τοῦ
528 2261 646 2341 Οὐρανοῦ
663 2260 745 2343 μέχρι
760 2262 822 2326 Διὸς
836 2261 882 2319 καὶ
897 2260 960 2335 είδη
975 2260 1069 2320 πολλά
1083 2269 1178 2343 πρῶτα
1191 2265 1236 2321 καί

111 2359 180 2432 μέσα
199 2359 245 2415 καί
267 2356 410 2416 τελευταῖα
430 2360 474 2416 καί
497 2359 651 2440 όλικώτερα
674 2361 720 2416 καὶ
746 2360 916 2440 μερικώτερα
935 2362 981 2418 καί
1002 2361 1164 2442 άθρούστερα
1188 2362 1234 2419 καί

108 2455 290 2538 περιληπτικά
303 2458 348 2514 καὶ
358 2457 514 2538 κοιλότερα,
528 2459 615 2537 παγαί
628 2481 658 2516 τε
671 2459 716 2515 καί
730 2458 824 2540 ἀρχαί,
836 2460 872 2525 είς
886 2461 953 2541 άπερ
966 2461 980 2516 ὁ
993 2460 1056 2525 Ζεύς
1067 2460 1155 2518 πάντα
1169 2461 1234 2519 ἀνα-

108 2557 188 2614 τείνιι
205 2557 238 2613 τά
253 2554 313 2632 μεθ’
328 2557 433 2617 ἑαυτόν,
450 2559 513 2614 Θέαι
527 2558 575 2631 μὲν
589 2556 636 2615 οὐν
651 2559 814 2640 οἰκειότερον
834 2558 876 2616 ἐπὶ
895 2565 955 2630 νοῦ,
977 2551 1123 2624 διέξοδοι
1141 2556 1170 2616 δέ
1191 2559 1234 2617 έπί

45 2658 78 2708 20
110 2658 214 2736 ψυχῆς,
232 2655 278 2711 καί
293 2655 431 2736 ἀμφότερα
449 2656 477 2712 δέ
492 2655 534 2712 tut
548 2657 708 2738 ἀμφοτέρων
724 2658 848 2738 ἁρμόζει,
865 2655 924 2714 ἀλλ’
938 2652 1042 2721 οἰκείως
1059 2656 1174 2733 έκάστιμ·
1192 2657 1235 2716 ἐπὶ

111 2753 159 2827 μὶν
176 2752 226 2831 γὰρ
245 2756 338 2833 ψυχῆς
358 2755 435 2825 καὶὴ
456 2755 508 2811 θέα
527 2752 674 2829 διεξοδική,
691 2755 734 2812 ἐπί
750 2754 779 2813 δὲ
793 2761 840 2812 νοῦ
857 2757 933 2826 καὶὴ
949 2753 1104 2822 διέξοδος...
1120 2756 1189 2813 κατά
1202 2758 1233 2815 τὸ

110 2847 323 2917 διεξωδευκέναι.
348 2857 434 2908 Θεῶν
458 2850 486 2909 δὲ
509 2849 718 2928 εὐδαιμόνων
740 2853 836 2932 γένος
860 2852 933 2932 λέγει
959 2854 1007 2919 τὰς
1030 2851 1156 2929 δυνάμεις
1179 2860 1234 2912 τῶν

108 2950 225 3029 πρώτων
246 2951 290 3006 καὶ
311 2949 464 3028 έγκοσμίων
485 2956 571 3012 Βεῶν.
592 2952 627 3008 Τὸ
649 2949 677 3008 δὲ
699 2949 908 3027 εὐδαιμόνων
930 2953 974 3009 καὶ
993 2953 1064 3017 ῶςό
1086 2957 1163 3018 θεῖος
1185 2952 1233 3028 μὶν

21 3104 23 3108 .
108 3044 269 3130 ,Ἰάμύλιχός
287 3071 353 3130 φησι
373 3073 387 3104 u
403 3055 458 3105 τῶν
472 3050 522 3130 γάρ
536 3052 586 3120 τήν
603 3049 772 3126 εὐδαιμονίαν
787 3051 974 3131 παρεχόντων·
993 3075 1007 3105 υ
1026 3053 1072 3108 καί
1087 3049 1128 3108 ἐπ’
1144 3050 1234 3108 αὐτῶν

46 3154 74 3202 .”
110 3145 138 3204 δὲ
158 3153 213 3204 τῶν
234 3154 310 3215 θεῶν
329 3146 487 3206 δυνατὸντύ
508 3157 559 3221 τῆς
583 3148 758 3225 εὐδαιμονίας
780 3151 888 3208 ἀκούιιν
910 3150 978 3207 κατά
998 3151 1028 3207 τό
1047 3148 1157 3207 έπεοθαι
1174 3156 1233 3215 τοῖς

109 3248 212 3303 έαυτῶν
226 3247 346 3325 ἡγεμόσι
359 3249 404 3303 καὶ
419 3247 461 3304 ἀεί
475 3247 562 3304 αὐτῶν
578 3246 697 3328 ἔχεσθαι.
714 3284 754 3294 -
768 3249 803 3306 Τὸ
820 3247 849 3306 δέ
867 3250 1019 3330 πράττων
1039 3247 1179 3314 ’ἕκαστος
1198 3249 1233 3305 τὸ

110 3347 222 3423 αὐτοῦ,
241 3347 374 3403 τουτέστιν
395 3347 409 3402 δ
430 3347 477 3420 μέν
497 3346 634 3419 ἡλιακῶς,
656 3348 671 3404 δ
692 3345 721 3404 δὲ
744 3345 927 3423 σεληνιακῶς,
950 3349 965 3404 δ
988 3346 1016 3404 δὲ
1040 3348 1170 3428 ἀρεϊκῶς,
1190 3349 1235 3404 καὶ
1289 3399 1290 3403 ,

109 3441 197 3508 άλλως
219 3444 286 3500 κατά
306 3446 357 3516 τὴν
378 3445 489 3502 έκάστου
512 3443 643 3521 ἰδιότητα,
667 3445 733 3525 ὅπερ
754 3447 799 3503 καὶ
817 3447 943 3526 ἀνωτέρω
965 3446 1024 3504 εἶπε
1045 3471 1058 3500 u
1076 3446 1157 3504 κατά
1173 3446 1234 3517 τὴν

109 3541 198 3609 τάξιν
219 3545 255 3614 ἣν
273 3541 413 3607 ἕκαστος
434 3542 568 3624 ἐτάχθη.
589 3568 602 3597 u
615 3545 675 3614 ,Τὴν
691 3541 720 3601 δὲ
740 3543 913 3619 εὐδαιμονίαν
929 3547 944 3601 ό
960 3544 1075 3603 Πλάτων
1089 3546 1135 3603 καὶ
1152 3545 1234 3626 μέχρι

140 3756 232 3816 ὅτινὲς
244 3756 405 3820 interpretes
417 3766 480 3807 ante
497 3755 638 3808 Hermiam
701 3758 803 3810 81152
866 3760 968 3809 toni
1031 3761 1200 3821 24ο1.9.10

142 3881 203 3931 ΤῙΤ
220 3881 249 3932 11
267 3889 319 3939 πῶς
338 3885 489 3948 προνοοῦσιν
503 3884 575 3945 ἡμῶν
590 3885 614 3932 ci
629 3880 715 3932 dauiC
779 3882 808 3931 14
824 3885 847 3933 τί
864 3881 970 3950 οὐρανός
988 3884 1008 3934 C
1071 3882 1103 3935 16
1119 3885 1170 3937 ἀπὸ
1189 3887 1233 3937 τοῦ

111 3952 220 4021 οὐρανοῦ
234 3956 307 4021 μέχρι
323 3954 381 4011 Διὸς
393 3953 474 4004 πολλὰ
489 3955 542 4016 εἴδη
556 3951 625 4015 (cod.
639 3949 698 4017 ἤδη)
713 3952 734 4003 C

142 4078 220 4130 NG‘5
234 4078 279 4132 cdv
291 4078 394 4130 addidit
407 4080 439 4129 Α1
455 4092 537 4142 supra
552 4093 663 4130 versum
727 4079 743 4128 6
758 4080 801 4139 τὰς
815 4089 864 4131 τῶν
881 4081 1018 4149 ἀνθρώπων
1033 4080 1061 4133 Μ
1125 4082 1142 4135 8
1155 4087 1234 4136 καθο-

111 4154 176 4217 ρόων
196 4158 282 4201 metro
298 4149 478 4215 claudicante]
495 4152 617 4217 εἰσορόων
638 4150 719 4201 Hom.
784 4154 845 4203 λαὸν
867 4162 953 4205 ιιιοιιο
972 4153 1154 4220 claudicante]
1172 4163 1233 4219 νῆας

112 4222 190 4273 Hom.
256 4221 288 4273 10
309 4218 429 4289 Θρηίκων
450 4225 473 4270 Α
538 4221 568 4272 11
589 4221 671 4286 ἡμῶν]
693 4226 759 4287 ἡμᾶς
781 4222 810 4272 Μ
874 4224 905 4275 12
926 4226 1031 4289 έαντῶν]
1050 4226 1117 4294 αὐτῷ
1141 4227 1188 4279 Μ,

110 4293 139 4342 ld
162 4295 204 4344 τὸν
225 4293 343 4357 scripsi:
365 4293 393 4343 τὸ
413 4293 474 4342 libri
537 4292 567 4343 15
582 4292 739 4360 προπάτορα]
760 4288 816 4361 ἦα
832 4294 872 4360 (=
888 4297 991 4363 antipa)
1010 4297 1043 4345 A*
1063 4298 1112 4360 qui
1133 4297 1234 4360 adjecit

109 4377 375 4431 supraversumupo
439 4367 499 4428 φασὶ
513 4371 541 4413 et
554 4365 584 4413 24
597 4367 694 4429 φησὶΑ
754 4365 920 4430 εἰσὶ]άπ“οΜ
986 4368 1017 4418 20
1032 4368 1187 4420 δὲοοι.Μ-

108 4436 137 4485 21
158 4444 205 4487 ant
222 4438 300 4500 plura
319 4438 420 4490 desunt
439 4443 487 4486 ant
507 4450 574 4487 saue
592 4437 760 4499 adjectivum
780 4439 862 4502 quale
888 4444 929 4490 est
948 4439 1049 4504 θεατικὴ
1128 4440 1159 4490 22
1183 4445 1233 4493 διε-

110 4511 260 4576 ξωδρνκέναι
280 4510 307 4558 M
331 4509 396 4572 (jam
416 4515 573 4559 correxerat
590 4513 657 4571 Asr)
722 4512 784 4562 θεῶν
802 4513 872 4576 γένος
891 4513 1047 4576 εὐδαιμόνων
1068 4512 1233 4578 (εὐδαιμόνως

110 4579 231 4646 Scnuuz)
248 4582 318 4631 Plat.
382 4581 413 4631 26
434 4582 538 4640 ἕκαστος
554 4582 635 4635 αὐτῶν
651 4581 721 4633 Plau
784 4583 816 4633 28
833 4584 913 4642 ἄλλως
933 4583 1050 4648 scripsi:
1068 4587 1153 4645 ἁπλῶς
1170 4586 1233 4640 libri

169 4652 213 4716 τὴν
233 4666 287 4704 0111.
307 4653 376 4703 Ptut.
