3248 5512
289 497 305 532 x
727 480 971 532 ruotucoucna

290 670 307 708 a
321 655 358 730 τῷ
373 649 529 729 γιγνομένῳ
543 649 753 729 proficisceris
776 648 813 707 ad
829 648 1008 707 alterutrum
1025 647 1192 720 Non-Ens,
1210 650 1313 710 statim
1330 652 1411 711 scies

289 758 327 815 ad
342 769 445 814 utrum
459 757 626 815 contendas
643 755 669 815 si
684 756 716 814 in
731 755 962 835 progrediendo
983 757 1014 811 τὸ
1037 756 1212 828 αὐτοκίνητον
1231 758 1387 837 repereris
1402 782 1408 816 :

292 864 396 922 itidem
410 885 478 922 curn
498 865 529 920 τὸ
544 865 669 936 ἀκίνητον
691 864 807 923 idcirco
828 885 889 922 non
906 864 1022 923 moveri
1042 865 1145 945 possit
1164 866 1248 944 quod
1267 866 1411 925 omnibus

293 994 359 1052 quae
375 984 537 1032 moventur
551 987 602 1032 aut
622 974 767 1053 superius
794 973 834 1031 sit
862 985 913 1031 aut
939 973 1080 1044 inlerius,
1111 973 1242 1052 ideoque
1261 976 1322 1034 duo
1348 975 1410 1033 sint

292 1080 415 1156 ἀκίνητα,
432 1101 489 1138 nos
505 1080 557 1159 qui
574 1098 697 1160 semper
710 1100 727 1138 a
741 1085 778 1159 τῷ
793 1081 972 1160 ἑτεροκινήτῳ
986 1080 1223 1158 proficiscimur,
1242 1079 1328 1140 lacile
1348 1080 1411 1138 sci-

294 1210 364 1248 mus
385 1202 486 1248 utrum
507 1189 597 1248 nobis
619 1189 658 1247 sit
676 1189 884 1270 propositum.
902 1188 993 1262 Quod
1009 1211 1045 1248 ex
1060 1188 1117 1248 hoc
1134 1189 1287 1250 schemate
1305 1189 1414 1249 melius

294 1298 432 1378 intellegi
451 1297 587 1377 poterit:

362 1430 383 1665 l
400 1430 533 1492 Ἀκίνητον
545 1452 576 1472 -·
589 1429 622 1494 μὴ
636 1395 663 1482 dv
679 1427 830 1498 ὐπερούσιον
846 1432 908 1494 (Ens
918 1454 948 1474 =
958 1433 1079 1480 Non-Eue
1092 1433 1230 1483 abundans
1241 1455 1272 1476 =
1282 1432 1360 1498 Deus)

397 1528 566 1592 Αὑτοκίνητον
582 1529 689 1594 (enimn,
705 1545 786 1577 causo
801 1529 852 1593 sni)

401 1656 590 1724 Ἑτεροκίνητον
606 1677 634 1699 =
649 1659 796 1723 γιγνόμενον
812 1653 1002 1718 (phaenomena,
1018 1653 1139 1718 mobilis)

363 1705 384 1931 Ι
398 1772 511 1820 Medium
528 1772 638 1836 aliquid,
654 1772 752 1836 dequo
767 1788 818 1819 non
833 1772 950 1835 loquitur
966 1771 1086 1821 Hermian

402 1872 536 1935 Ἀκίνητον
548 1892 579 1912 -·
594 1870 627 1935 μὴ
643 1871 670 1922 ὅν
686 1869 821 1935 (Non-Eris
838 1869 961 1919 deficiens
976 1891 1007 1911 =
1021 1870 1141 1934 materia)

339 1992 385 2051 De
401 2013 462 2071 quo
478 1991 601 2073 longius
617 1993 752 2052 disserui
764 2005 796 2051 ut
812 1993 952 2071 exemplo
968 1994 1163 2052 ostenderem
1180 1991 1336 2050 Hermiam
1357 2011 1423 2070 non.

299 2100 339 2158 ita
354 2102 610 2159 contemnendum
627 2120 707 2173 esse,
723 2101 749 2159 si
765 2100 835 2180 quis
851 2103 1002 2180 usquead
1024 2100 1163 2181 quintum
1184 2099 1328 2159 saeculurn
1348 2097 1421 2158 velit

301 2208 451 2264 fortunam
466 2206 554 2286 sequi
576 2227 666 2286 quam
682 2207 821 2266 Platonis
832 2207 1029 2288 philosophia
1044 2220 1132 2267 nacta
1150 2220 1207 2266 est.
1227 2204 1315 2265 Adde
1337 2206 1421 2284 quod

301 2312 401 2372 multae
416 2313 646 2393 explanationes
666 2316 698 2374 in
722 2328 830 2375 nostro
846 2316 1065 2375 commentario
1089 2314 1187 2395 plenae
1199 2326 1271 2373 sunt
1292 2312 1419 2391 ingenio

301 2422 490 2498 acutissimo,
505 2423 658 2482 nonnuttae
674 2424 845 2483 historiolis
861 2445 938 2504 quas
953 2424 1027 2483 alias
1044 2426 1156 2483 frustra
1164 2442 1283 2502 quaeras
1295 2434 1420 2480 ornatae.

302 2528 444 2608 Denique
458 2530 557 2609 ipsius
573 2530 752 2610 interpretis
762 2551 841 2610 opus
855 2532 1002 2590 habemus
1012 2531 1086 2610 (non
1101 2544 1134 2589 ut
1149 2531 1180 2588 in
1196 2529 1422 2609 Olympiodoro

301 2636 390 2716 pueri
406 2633 564 2714 cujusdam
578 2638 671 2696 rudes
684 2637 917 2717 indigestasque
931 2632 1048 2718 πράξεις)
1064 2636 1152 2718 cujus
1177 2635 1300 2697 dicendi
1324 2655 1423 2715 genus

303 2743 361 2802 etsi
389 2744 652 2822 copiosissimum,
679 2746 754 2806 satis
783 2766 895 2825 purum
920 2758 1019 2804 tamen
1042 2758 1089 2804 est
1118 2764 1218 2824 neque
1248 2744 1421 2802 molestum.

302 2849 444 2910 Audeant
459 2852 555 2931 igitur
566 2852 745 2933 philosophi
763 2854 936 2912 accuratius
953 2852 1108 2911 Hermiam
1123 2851 1237 2930 legere.

585 3119 603 3200 ξ
632 3121 660 3178 2.
680 3155 718 3163 -
734 3119 782 3178 Du
799 3119 938 3178 Hunnue
958 3118 1133 3179 Conectens

349 3331 468 3387 Scholia
497 3332 628 3386 Hermiae
651 3330 825 3405 philosophi
857 3332 886 3386 in
915 3330 1051 3386 Platonis
1085 3327 1255 3396 Phaedrum,
1286 3337 1320 3382 ut
1343 3323 1428 3382 aiunt

308 3434 437 3507 librarii,
455 3435 486 3492 in
505 3434 608 3493 multis
624 3435 785 3494 codicibus
804 3435 1013 3504 continentur,
1030 3432 1082 3511 qui
1102 3452 1182 3491 nunc
1210 3444 1281 3490 sunt
1305 3449 1427 3488 enume-

308 3543 408 3612 randi,
428 3555 460 3601 nt
482 3542 544 3601 haec
573 3543 679 3622 opinio
708 3544 917 3616 confirmetur,
933 3541 997 3621 jam
1023 3562 1040 3600 a
1065 3540 1225 3600 lonusuio
1251 3540 1283 3598 in
1311 3544 1430 3597 Hermae

309 3648 369 3707 vol.
385 3648 466 3722 XlV,
480 3671 511 3730 p.
529 3650 598 3727 262,
619 3651 782 3723 declarata,
800 3670 861 3729 qua
871 3669 979 3709 omnes
994 3649 1032 3708 ad
1047 3668 1139 3707 unum
1155 3649 1326 3705 Parisinum
1339 3646 1427 3716 1810,

311 3753 362 3833 (Α)
372 3755 483 3813 referri
496 3757 609 3815 debere
625 3758 803 3816 creduntur.

352 3915 386 3976 ln
409 3917 601 3977 Bibliotheca
623 3918 775 3979 Nationali
796 3923 964 3978 Porlsiensi
990 3939 1044 3978 sex
1071 3918 1205 3977 Hermiae
1232 3915 1355 3974 codices
1384 3913 1432 3970 in-

311 4023 477 4083 veniuntur
492 4049 498 4082 z

354 4158 386 4213 1⁰
399 4161 471 4215 Par.
491 4159 568 4217 1810
577 4158 628 4238 (Α)
640 4160 737 4222 chart.
750 4161 821 4219 in-l’
830 4159 897 4219 xnr'
914 4158 1017 4219 saculi
1031 4157 1182 4229 exeuntis,
1193 4154 1266 4213 olim
1275 4151 1433 4212 Francisci

313 4263 453 4336 Asulani‚
468 4277 551 4324 totus
562 4267 667 4325 eadem
675 4286 764 4325 manu
774 4267 934 4346 scriptus¹,
948 4266 979 4324 in
990 4284 1052 4345 quo
1061 4263 1258 4322 continentur
1271 4259 1434 4318 Petronis

346 4449 368 4495 1.
382 4449 503 4514 Exceptis
519 4458 606 4500 tamen
620 4455 768 4517 fragmento
784 4451 969 4501 mathematico
979 4457 1006 4498 et
1017 4449 1133 4514 epistula
1156 4444 1332 4511 pythagorica
1347 4459 1352 4501 l
1366 4458 1429 4490 flam

315 4518 380 4566 illud
398 4520 495 4569 litteris
512 4522 667 4571 minusculis
687 4524 824 4588 scriptum,
845 4523 900 4571 haec
919 4538 977 4570 cum
998 4521 1094 4569 litteris
1115 4527 1169 4568 tum
1189 4518 1216 4565 iu
1238 4516 1331 4563 charta
1350 4513 1435 4562 teletis

315 4589 396 4651 paulo
413 4593 575 4653 recentioris,
592 4595 670 4644 ambo
685 4594 756 4644 elren
771 4595 848 4644 xvim
863 4593 1000 4642 seculum.
1018 4592 1082 4640 Vide
1100 4588 1275 4655 appendicem
1290 4586 1324 4634 ud
1337 4585 1437 4633 calcem

316 4661 412 4711 horum
424 4664 682 4728 prolegomenorum.
