3120 5506
320 488 367 539 1³4
703 481 847 536 ΕΡΜΕῙΟΥ
865 482 1061 536 ΦΙΛΟΣΟΦΟΥ

224 632 290 700 11³2]
360 625 417 690 κα’.
439 627 478 686 Τὸ
501 625 534 687 ὸὸ
554 637 650 689 εεῖσν
668 631 782 714 καλὸν]
805 633 863 692 246
886 632 925 692 D.

354 778 451 832 Ταῦτα
466 775 499 831 τὰ
516 775 578 855 τρία
596 783 743 857 θεωρεῖται
762 775 804 835 ὸιὸ
821 779 930 835 πάντων
940 783 1004 833 τῶν
1023 774 1320 858 ῦντωνπερσιιηκότα·
1335 774 1442 854 καὶγὰρ

322 871 349 928 έν
363 879 472 944 νοητοῖς
485 875 530 930 καῖ
543 873 571 931 έν
585 882 690 956 νοεροῖς
703 876 748 933 καί
765 876 792 934 έν
807 875 1000 957 ὑπερκσαμίοις
1013 876 1059 934 καί
1071 875 1100 933 έν
1120 872 1288 954 έγκοσμίοις,
1309 872 1385 938 ίὸίιος
1402 872 1442 947 έπὶ

322 970 445 1031 έκόατοο.
468 969 510 1028 Ἐν
531 971 579 1046 μέν
598 971 645 1030 οῦν
662 981 718 1040 τοῖς
738 981 849 1047 νοητοῖς
869 980 960 1051 θεοῖς,
983 975 1011 1032 εί
1030 974 1079 1050 μέν
1101 974 1170 1031 κατὰ
1190 971 1253 1036 τοῦς
1273 977 1336 1035 νοῦς
1359 969 1443 1027 αιἰτῖιν

276 1074 290 1121 5
322 1057 460 1148 θεωροίης
477 1070 511 1127 τὰ
530 1071 672 1151 εἰρημένα,
693 1072 784 1146 έπειὸη
804 1061 877 1131 ἐστιν
896 1073 995 1139 ἐντοῖς
1008 1080 1065 1137 νοῖς
1080 1078 1154 1149 νοῦς,
1171 1072 1276 1145 νόησις,
1293 1070 1404 1142 νοητὸν,
1421 1068 1444 1127 εί

321 1168 368 1225 καί
381 1169 468 1226 πάντα
482 1175 602 1242 νοητῶς,
612 1172 650 1228 τὸ
666 1172 715 1247 μέν
727 1170 830 1229 καλὸν
844 1167 917 1229 ἔσται
930 1172 999 1229 κατὰ
1013 1173 1060 1229 τὸν
1075 1177 1146 1244 νοῦν,
1167 1169 1195 1227 έν
1209 1172 1233 1245 ᾦ
1247 1169 1278 1226 τὸ
1293 1174 1348 1226 τῶν
1366 1165 1443 1225 είὸῦιν

322 1265 487 1332 κθλλοςκαί
501 1271 518 1341 ἡ
533 1267 645 1342 ποικίλη
659 1268 781 1343 καλλονη
802 1272 883 1350 (κατὰ
901 1276 981 1327 τοῦτο
1001 1271 1052 1349 γὰρ
1071 1269 1102 1326 τὸ
1122 1266 1347 1349 έπιστρεπτικὸν),
1368 1266 1400 1322 τὸ
1417 1264 1443 1322 δὲ

324 1365 424 1450 σορὸν
442 1367 511 1424 κατὰ
527 1367 578 1438 τὸν
597 1368 691 1441 νόησιν
711 1367 741 1449 (ἡ
756 1366 807 1450 γὸρ
823 1375 922 1449 γνῶσις
938 1370 984 1426 καὶ
1002 1372 1020 1439 ἡ
1036 1368 1174 1443 έπιστίγμη
1191 1368 1267 1437 καὶὴ
1286 1365 1367 1447 σοφία
1380 1363 1444 1421 κατὰ

323 1467 374 1536 τὴν
389 1465 483 1555 νόησιν
498 1466 615 1546 ὁρᾶται),
630 1467 662 1524 τὸ
678 1464 707 1523 δέ
720 1467 843 1546 ἀγαθὸν
858 1467 972 1525 κατὰτὸ
987 1467 1087 1539 νοητόν
1104 1466 1195 1546 (τοῦτο
1210 1466 1262 1544 γὰρ
1276 1465 1308 1520 τὸ
1322 1462 1443 1542 πληροῦν

262 1565 293 1617 10
323 1566 370 1629 τὸν
384 1570 447 1623 νοῦν
462 1564 559 1623 τέλεον
573 1563 603 1622 ὸν
617 1566 662 1622 καί
677 1566 781 1648 έρετόν·
799 1572 923 1648 στοιχεῖα
939 1567 991 1645 γὰρ
1009 1571 1093 1622 ταῦτα
1110 1566 1155 1622 καὶ
1173 1563 1202 1621 έν
1224 1557 1366 1636 Φιληθῳ
1388 1560 1445 1618 εἶπε
1494 1572 1496 1574 ’

322 1669 371 1722 τοῦ
390 1663 493 1744 ἀγαθοῦ
511 1663 543 1720 τὸ
558 1662 662 1742 τέλεον,
682 1664 713 1722 τὸ
732 1665 838 1738 ἱκανὸν,
859 1663 889 1722 τὸ
909 1663 1015 1745 ἐρατόν·
1036 1664 1129 1721 ἰκανὸν
1149 1660 1267 1741 ὸέλέγει
1280 1661 1313 1717 τὸ
1326 1661 1444 1721 καὶτοῖς

324 1760 419 1828 ἄλλοις
435 1760 581 1838 μεταὸίὸον
597 1770 650 1835 τῆς
670 1762 862 1842 ἀγαθόιητος),
884 1763 914 1820 Εί
934 1760 963 1820 ὸέ
981 1760 1049 1819 κατὰ
1064 1762 1095 1819 τὸ
1114 1762 1179 1842 ὑπὲρ
1193 1765 1256 1817 νοῦν
1272 1758 1363 1815 αὐτῶν
1377 1768 1446 1815 ἔστιν·

323 1860 403 1942 ροίης
422 1860 454 1917 τὸ
475 1857 586 1934 καλὸν,
609 1860 641 1918 τὸ
662 1861 773 1942 σορὸν,
794 1862 825 1917 τὸ
845 1860 976 1940 ἀγαθὸν,
999 1859 1070 1919 οίίτω
1089 1858 1196 1938 ῥητέον·
1218 1853 1274 1915 ἔστι
1293 1879 1319 1914 τι
1334 1855 1387 1913 ἀπὸ
1400 1854 1445 1911 τά-

323 1961 409 2038 γαθοῦ
423 1957 520 2039 προϊὸν
535 1963 593 2039 ρῦς
607 1945 672 2039 όπερ
687 1957 765 2024 αὐτὸς
779 1951 935 2037 αἰτιολογία
948 1956 1080 2031 κέκληκεν
1094 1955 1240 2029 ἀλήθειαν·
1249 1955 1310 2016 εἶπε
1325 1952 1355 2012 δέ
1369 1952 1446 2017 αὐτὸς

261 2058 294 2111 15
324 2057 369 2115 καῖ
388 2056 415 2114 έν
434 2052 575 2132 Φιλήῦιμ
594 2056 636 2114 ότι
655 2054 784 2114 ἀθόνατον
797 2059 846 2129 τήν
860 2057 976 2135 τάγαθοῦ
993 2055 1065 2114 ἰθέαν
1079 2057 1242 2136 ἀνθρωπίνη.
1253 2053 1360 2125 διανοίᾳ
1374 2050 1445 2111 έλεῖν

324 2156 395 2214 κατὰ
416 2153 504 2228 ἁπλῆν
525 2151 668 2228 έπιῦολην·
690 2155 780 2228 ἐπειδὴ
801 2154 848 2213 οῦν
870 2153 948 2220 εὐθὺς
967 2155 1020 2212 ἀπὸ
1038 2155 1157 2233 τάγαθοῦ
1175 2154 1295 2235 πρόεισιν
1312 2148 1399 2210 έκεῖνο
1415 2151 1445 2208 τὸ

326 2260 398 2336 φῶς,
421 2255 496 2329 μένει
515 2252 554 2311 ἔτι
574 2254 639 2334 ὑπλρ
658 2252 728 2312 ίὸέαν
745 2256 790 2320 καὶ
810 2252 963 2326 ἁπλότητα·
984 2251 1114 2312 ίιὸιίνατον
1135 2252 1183 2312 οῦν
1205 2253 1270 2311 αὐτὸ
1291 2247 1446 2333 περιλαθεῖν

228 2371 255 2424 p.
263 2355 312 2410 133
329 2359 379 2429 μιᾷ
397 2348 514 2430 ἐπιόολῇ
533 2354 578 2411 καί
595 2358 757 2435 περιγραφῇ·
782 2352 787 2432 Ι
809 2351 1038 2434 καταμερίσαντες
1056 2350 1095 2425 δέ,
1113 2353 1207 2434 ρησὶν,
1228 2352 1294 2409 αὐτὸ
1313 2350 1447 2431 τῷλόγῳ

327 2451 545 2533 ῥᾷονιόψόμεθα·
565 2450 695 2532 τριπλοῦν
714 2474 740 2509 τι
757 2449 804 2509 σῦν
824 2449 888 2509 αὐτὸ
907 2457 1020 2532 θεωρεῖ·
1039 2451 1156 2532 καὶγὰρ
1176 2451 1213 2515 ὡς
1225 2448 1367 2522 καλλονὴν
1382 2449 1447 2506 καθὸ

264 2553 296 2605 20
328 2550 505 2632 έναστριίπτον
523 2557 582 2616 τοῖς
603 2549 700 2615 ἄλλοις
719 2550 792 2610 καλοῖ
811 2549 878 2608 αὐτὰ
895 2549 1086 2631 ἇπεργόζεται,
1107 2549 1154 2606 καί
1172 2549 1211 2614 ὡς
1232 2547 1364 2621 ἀλήθειαν
1382 2548 1448 2604 καθὸ

327 2647 414 2707 αἴτιόν
435 2648 505 2707 έστιν
524 2647 618 2714 ἄλλοις
638 2649 782 2729 γινώσκειν
803 2671 834 2707 τε
854 2649 899 2706 καί
917 2647 1106 2728 γινώσκεσθαι,
1128 2649 1173 2706 καὶ
1194 2648 1233 2712 ὡς
1256 2646 1362 2707 ἁπλοῦν
1382 2648 1447 2704 καθὸ

327 2746 415 2806 α’ίτιόν
436 2748 492 2806 έστι
512 2755 570 2813 τοῖς
594 2746 691 2814 ἄλλοις
703 2756 769 2807 πᾶσι
782 2753 830 2807 τοῦ
844 2747 953 2829 μέτρου·
970 2747 1067 2828 τὸγὰρ
1083 2746 1183 2828 μέτρον
1198 2746 1304 2805 ἁπλοῦν
1322 2747 1390 2804 καθὸ
1403 2743 1447 2801 καὶ

327 2849 373 2906 τὸν
392 2847 460 2907 θεὸν
479 2848 507 2906 ἰν
521 2848 645 2923 Νόμοις
667 2849 786 2929 μέτρον
804 2853 860 2906 τῶν
877 2847 1008 2905 πάντων
1027 2844 1157 2920 κέκληκε·
1180 2847 1211 2904 τὸ
1235 2845 1263 2905 ὸὸ
1285 2846 1391 2905 ἁπλοῦν
1404 2845 1448 2901 καί

326 2947 359 3004 τὸ
373 2947 470 3027 μέτρον
483 2951 531 3003 τοῦ
546 2945 648 3026 ἀγαθοῦ
664 2945 733 3004 ίὸια·
748 2947 902 3026 πάνταγὰρ
918 2953 1012 3026 μετρεῖ
1031 2947 1062 3003 τὸ
1082 2946 1194 3025 ἀγαθόν.
1217 2980 1257 2990 -
1276 2946 1317 3002 Τὸ
1339 2943 1373 3001 δέ
1395 2944 1448 3001 καὶ

265 3057 297 3110 25
329 3052 390 3103 πᾶν
407 3044 423 3102 ό
437 3067 467 3103 τι
485 3049 637 3103 τοιοῦτον
657 3046 715 3102 ἀντὶ
727 3050 786 3102 τσῦ·
803 3042 831 3103 εί
841 3067 868 3102 τι
883 3043 954 3103 ἄλλο
968 3051 1026 3109 τοῖς
1037 3045 1105 3125 τρισὶ
1119 3044 1224 3109 τούτοις
1238 3043 1294 3101 ἐστὶ
1310 3042 1447 3123 συγγενές,

330 3147 388 3202 οἷον
407 3144 439 3201 τὸ
459 3143 573 3216 ἁπλοῦν,
596 3144 627 3201 τὸ
649 3143 813 3223 σύμμετρον,
837 3144 867 3200 τὸ
898 3143 1013 3221 τέλειον,
1035 3142 1066 3201 τὸ
1093 3141 1275 3222 ὑπέρπληρες,
1301 3146 1347 3199 καὶ
1374 3138 1402 3199 εί
1425 3162 1449 3196 τι

328 3244 436 3310 τούτοις
451 3243 557 3318 ὅμοιον.

369 3401 426 3481 ιβ’.
449 3401 584 3466 Τοῦτοις
605 3399 642 3472 δὴ
665 3401 820 3483 τρέφεταί
841 3400 889 3483 τε]
910 3401 969 3460 246
989 3399 1026 3461 E.

369 3552 460 3631 Τρορη
476 3547 531 3606 ἐστι
543 3551 635 3629 ψυχῆς
649 3550 667 3620 ἡ
681 3545 734 3605 ἂπὸ
746 3554 801 3605 τῶν
813 3548 972 3630 κρειττόνων
986 3547 1023 3612 είς
1035 3529 1119 3618 αὐτὴν
1133 3545 1289 3625 καθηκοοσα
1302 3542 1449 3615 τελειότης·

269 3654 300 3706 30
331 3646 394 3707 οὗὸὶ
411 3648 462 3727 γὰρ
475 3645 522 3704 σία
538 3649 555 3718 ἡ
569 3646 638 3725 κατὰ
652 3643 768 3726 ἔκκρισιν
782 3645 828 3703 καὶ
841 3644 989 3704 ἀλλοίωσιν
1004 3644 1066 3725 παρ’
1080 3648 1162 3719 ἡμῖν.
1180 3643 1255 3722 Παρὸι
1271 3640 1321 3716 μέν
1336 3637 1383 3698 οῦν
1398 3646 1451 3696 τῶν

332 3749 406 3808 Ξεῶν
425 3745 467 3804 ἇεὸ
483 3745 651 3825 προτείνεται
668 3744 703 3803 τὸ
720 3745 792 3804 καλὰ
809 3744 855 3803 καὶ
869 3746 954 3825 σίγαθοῖ
967 3743 1045 3816 καῖη
1062 3743 1199 3818 ἐπιστήμη
1213 3745 1231 3813 η
1247 3739 1339 3819 νοερό·
1355 3740 1451 3810 έαοτήν

331 3976 535 4104 1V107f⁶mgffl
549 3980 573 4027 Α
596 4037 598 4043 ,
636 3974 668 4025 ιι
685 3972 747 4039 περ.
763 3972 955 4036 v1‚5oecal.
990 3975 993 3981 ’
1019 3973 1051 4023 15
1068 3969 1144 4022 Ριει.
1159 3973 1191 4023 οι
1205 3971 1227 4022 ο
1242 3969 1278 4037 (ιι
1341 3969 1374 4027 ιο
1391 3968 1452 4034 οη.

338 4208 339 4211 ¹
364 4166 426 4218 TIT
447 4166 461 4215 θ
477 4164 565 4229 νοητὸ,
579 4162 665 4231 νοιρὸι,
681 4140 848 4228 ῦπερκόσμια,
864 4159 1021 4225 εγκόσμιαῦ

365 4287 413 4338 Nc
433 4287 447 4336 1
467 4285 505 4346 τὸ,
524 4303 537 4335 τ
556 4282 629 4332 rubr.
649 4283 698 4329 A:
717 4278 746 4328 in
762 4276 892 4328 lemmate
909 4275 1028 4340 supple:
1048 4279 1125 4331 καλὸν
1149 4278 1268 4344 ψηφὶς,
1284 4279 1410 4345 ἀγαθὼ)
1427 4284 1456 4327 ης

333 4356 476 4422 sequentia
503 4352 700 4416 intellegantur
761 4346 777 4397 2
804 4346 870 4415 τρία]
898 4350 951 4399 θεῖα
977 4348 1005 4397 Μ
1070 4346 1247 4415 πεφοιτηκότα]
1270 4353 1398 4414 πεφυκότα
1425 4348 1453 4397 Μ

395 4426 476 4481 θοῦν
496 4439 551 4477 om.
574 4424 603 4473 M
667 4423 804 4488 θθιωροίη
823 4421 866 4469 Α·-
922 4419 1052 4487 8ὴγὸιρ]
1073 4420 1102 4484 ἢν
1122 4422 1164 4471 καὶ
1187 4420 1214 4469 Μ
1280 4419 1310 4469 13
1326 4423 1350 4471 τί
1368 4423 1392 4470 Α

333 4500 410 4553 13-14
430 4496 550 4565 τάγαθοῦ]
570 4496 666 4563 ἀγαθοῦ
693 4491 721 4542 Μ
786 4489 817 4540 19
842 4492 955 4555 ὀψόμεθα
978 4494 1104 4557 τριπλοῦν·
1128 4493 1180 4542 τί...
1205 4495 1306 4558 θειοριῖ;
1334 4494 1394 4541 As?

333 4572 364 4624 21
380 4572 406 4625 τὸ
422 4572 517 4634 (sim
535 4588 557 4620 τι
577 4566 607 4616 Μ
670 4564 701 4615 26
716 4566 799 4615 τέλεον
819 4561 847 4610 Μ
911 4561 943 4611 27
959 4560 1047 4626 ὅμοιον
1066 4558 1208 4625 τοῦτοτςΜ
1273 4557 1455 4626 θθ“τοότοις,τ

335 4645 409 4699 rubr.
430 4647 453 4693 Α
518 4641 548 4689 30
565 4634 652 4693 σίαΜ
718 4632 877 4688 σῦνοιιι,Μ
922 4636 924 4641 ’
