3120 5506
432 484 488 538 ΕΙΣ
508 486 570 539 TON
592 486 768 540 nmnnoz
790 484 934 539 ΦΔΙΔΡΟΝ
954 482 1077 535 ΣΧΟΛῙΔ
1268 489 1315 542 187

95 639 162 709 [163]
234 630 287 694 λδ.
310 631 403 694 Ὀθιν
425 632 463 707 δὴ
485 635 605 694 ἒκοῦσσ
624 636 712 695 εἶναι
733 635 794 695 οὐκ
812 632 1048 712 ἀπολείπεται]
1070 633 1129 694 252
1150 630 1188 696 Α.

232 776 370 835 Τουτέστιν
386 774 414 834 έν
433 775 489 854 ὅσῳ
509 780 548 855 μὴ
559 776 710 861 κατέχεται
730 784 764 858 τῇ
783 779 896 860 γενέσει,
917 778 973 837 ἐκεῖ
991 777 1061 837 ἐστιν
1078 777 1142 853 θλη,
1160 777 1253 852 ἐπειδὴ
1276 778 1315 838 έν-

193 877 279 933 τσῦθσ
299 875 508 956 συνεζευγμένον
528 874 629 960 ίχσυσσ
649 880 680 937 τὸ
699 884 779 955 σῶμα
799 878 917 958 ἀνάγκην
938 875 998 961 ἔχει
1020 878 1222 960 ἐπιστρέφεσθαι
1246 878 1315 959 πρὸς

193 973 258 1031 αὐτὸ
273 973 320 1032 καί
335 975 439 1057 τρέφειν
451 976 497 1034 καί
512 975 668 1053 ἐπιμελείας
685 973 787 1045 ἀξιοῦν·
804 976 876 1034 σιτία
893 982 958 1057 γοῦν
975 975 1163 1058 προσφέρουσα
1181 975 1226 1035 καί
1248 977 1317 1035 ποτά

147 1082 162 1132 5
194 1071 337 1154 ἀρίστοισι
355 1071 457 1131 έκιίνου
475 1073 579 1153 ἀνάγκῃ
598 1076 642 1133 καί
661 1074 714 1157 οὐχ
729 1076 836 1135 ἑκοῦσα.
858 1073 973 1133 Δύνασσι
991 1073 1020 1132 δί
1039 1069 1138 1133 λσύεῑν
1157 1074 1203 1133 καί
1218 1075 1257 1141 ὡς
1273 1074 1317 1134 έπί

193 1170 337 1231 πολιτικοῦ
351 1170 510 1254 φιλοσόφου,
525 1172 565 1229 θ’τι
579 1181 631 1245 τῆς
648 1174 697 1250 μὲν
709 1174 776 1239 Βίοις
791 1172 903 1232 ἐκείνων
920 1169 1013 1256 ἔχεται
1026 1178 1081 1232 τῶν
1095 1179 1212 1248 νοητῶν,
1231 1171 1275 1231 διά
1289 1171 1318 1231 δὲ

194 1271 245 1343 τήν
263 1270 381 1349 ἀνάγκην
398 1279 448 1343 τῆς
465 1270 575 1337 πόλεως
592 1271 731 1355 στρέφεται
750 1271 794 1331 έπί
813 1273 846 1330 τά
860 1270 924 1350 τῇδε
937 1273 983 1331 καὶ
998 1272 1029 1331 τδ
1045 1270 1157 1332 διοικεῖν
1170 1273 1203 1331 τά
1218 1271 1318 1354 ἀνθρώ-

195 1389 259 1425 πινα
272 1368 430 1448 πράγματα.

238 1526 291 1593 λε’.
315 1526 397 1586 Οὐδί
416 1549 490 1587 τινα
509 1536 567 1588 τοῦ
588 1526 707 1611 καλοῦ]
729 1529 787 1607 252
809 1528 847 1590 Α.

135 1689 166 1740 ιο
236 1677 297 1732 Τού
312 1671 415 1731 καλοῦ
429 1670 533 1731 ἐκείνου
548 1674 580 1731 οὐ
594 1671 726 1752 λέγεικαὶ
741 1681 791 1746 τῆς
808 1674 876 1740 σίας
892 1672 986 1733 οὐδένα
999 1682 1131 1756 προτιμᾷ,
1146 1674 1217 1734 ἀλλά
1227 1676 1318 1749 πάσης

197 1770 316 1852 σχέσεως
339 1770 474 1837 ἀπθλυτος
498 1773 542 1829 καί
565 1769 677 1838 εὐλυτος
702 1771 813 1852 γίνεται,
838 1773 885 1829 καί
909 1772 999 1832 οὐκέτι
1023 1773 1170 1856 κατέχεται
1193 1781 1318 1855 μερικοῖς

160 1854 167 1875 ⁸
198 1869 313 1946 δεσμοῖς
332 1871 377 1928 καί
395 1870 487 1953 σχέσει
500 1870 562 1945 τινὶ,
578 1870 711 1930 ἀλλὰκαὶ
725 1878 775 1943 τῆς
791 1869 906 1937 οὐσίας
921 1870 1034 1930 καὶτῶν
1050 1871 1126 1938 έκτδς
1141 1871 1257 1948 ἀμελεῖ,
1272 1872 1319 1930 καί

198 1967 275 2027 οὐδέν
288 1969 453 2050 τιμιώτερον
466 1974 514 2027 τοῦ
528 1966 615 2027 καλοῦ
630 1968 703 2045 αὐτῷ
718 1968 847 2052 φαίνεται.

237 2130 289 2201 λς’.
312 2133 476 2208 Νομίμων
497 2130 530 2190 δὶ
550 2132 604 2190 καί
625 2130 861 2215 εὐσχημόνων]
883 2132 942 2193 252
964 2131 1002 2193 Α.

137 2290 168 2340 15
238 2278 363 2338 Τουσέστι
383 2283 438 2336 των
459 2277 573 2336 ἐνταῦθα
591 2276 744 2354 νομίμων
764 2286 814 2351 τῆς
836 2274 954 2351 πόλεως,
975 2278 993 2351 ἢ
1014 2284 1063 2336 τοῦ
1085 2275 1197 2337 τοιῶσδε
1218 2272 1322 2336 ἀναθα-

199 2378 289 2438 λέσθαι
307 2378 354 2436 τὸν
370 2373 489 2459 τρίύωνσ
505 2377 549 2434 καὶ
564 2377 671 2435 πάντων
687 2382 742 2435 τῶν
756 2377 887 2436 τοιούιων
900 2376 946 2434 καί
965 2377 1055 2450 πάσης
1070 2385 1121 2450 τῆς
1137 2377 1213 2444 ἐκτὸς
1228 2398 1322 2459 φαινο·

201 2478 285 2555 μίνης
306 2476 516 2560 εὐσχημοσύνης
533 2482 710 2559 καταφρονεῖ.
727 2511 767 2520 -
784 2476 819 2534 Τὸ
841 2475 870 2534 δέ
890 2475 972 2534 θ’που
991 2474 1027 2533 δν
1049 2474 1084 2550 έᾷ
1104 2498 1153 2542 τις
1176 2474 1219 2534 διὰ
1240 2477 1271 2534 τὸ
1290 2475 1322 2533 τὸ

198 2575 281 2634 καλὸν
294 2575 375 2653 μόνον
391 2571 556 2647 ἐπιδιώκειν,
571 2573 635 2655 παρ’
645 2571 723 2632 οὐδέν
737 2573 770 2631 τά
782 2571 850 2631 ἄλλα
864 2573 952 2632 πάντα
965 2574 1115 2650 τιθέμενον.
1129 2609 1168 2618 -
1183 2572 1203 2632 ‘1
1210 2574 1320 2654 στρύν,

200 2675 289 2758 φησίν,
302 2675 363 2756 εὐρε
376 2672 504 2748 τοισύτης
520 2671 629 2751 ὐδύνιγς,
641 2671 675 2732 δι’
687 2672 769 2731 αὐτοῦ
783 2674 834 2745 τὴν
849 2672 892 2731 έπί
907 2673 938 2731 τὸ
952 2672 1049 2746 νοητὸν
1064 2672 1131 2732 Βίαν
1144 2673 1320 2748 ποιούμενος.

138 2853 170 2903 20
240 2842 293 2914 λζ’.
315 2850 420 2903 Τοῦτο
440 2841 474 2901 δὶ
494 2842 530 2900 τὸ
551 2842 655 2907 πάθος
677 2841 700 2899 ὦ
720 2849 777 2900 παῖ
798 2839 891 2924 καλέ]
913 2843 972 2903 252
995 2841 1030 2905 Β.

239 2995 274 3055 Τδ
289 2999 336 3053 τοῦ
352 2992 471 3076 Ἔρωτος
488 2991 577 3069 ’ὄνομα
590 2990 793 3072 έτυμολογῆσαι
808 2991 945 3072 βούλεται·
964 2991 1083 3051 τουτέστι
1096 2996 1178 3052 τοῦτο
1191 2992 1222 3050 τὸ
1236 2993 1322 3058 πάθος

200 3095 231 3154 τδ
246 3093 416 3174 ἐγγινόμενον
434 3092 486 3152 ἀπὸ
501 3098 549 3152 τοῦ
567 3091 655 3152 καλοῦ
671 3091 698 3150 ἐν
710 3095 780 3169 ἡμῖν
796 3090 858 3172 (τὴν
874 3087 963 3174 ίφεσιν
981 3090 1010 3150 δέ
1025 3091 1098 3171 λίγει
1114 3097 1162 3149 τοῦ
1179 3090 1280 3170 καλοῦ)
1296 3093 1324 3150 σί

204 3195 253 3270 μἐν
265 3191 401 3273 ἄνθρωποι
412 3189 536 3271 Ἔρωτα
548 3189 679 3248 καλοῦσιν
691 3189 743 3247 ἀπὸ
757 3196 807 3248 τοῦ
822 3187 900 3251 τίσω
916 3189 1000 3269 ῥεῖν,
1013 3191 1039 3248 οἱ
1053 3188 1082 3250 δέ
1093 3191 1155 3249 θεοί
1170 3190 1325 3270 Πτίρωτσ

201 3292 245 3352 διὰ
257 3290 287 3350 τδ
301 3296 419 3370 πτεροῦν
432 3292 483 3361 τήν
498 3290 600 3371 ψυχήν.
617 3287 736 3371 Διάφορα
750 3286 779 3347 δέ
795 3287 851 3346 ἐστι
863 3289 897 3346 τά
915 3288 1036 3365 ὀνόματα
1053 3294 1108 3347 τῶν
1128 3293 1213 3360 θεῶν,
1230 3287 1322 3363 ἐπειδὴ

139 3399 170 3450 25
201 3392 246 3448 καὶ
264 3391 292 3448 αἱ
313 3388 399 3447 οὐσίαι
417 3387 505 3444 αὐτῶν
524 3387 563 3453 ὡς
581 3386 648 3468 πρὸς
666 3385 730 3452 τούς
746 3385 903 3466 ἀνθρώπους
919 3383 1043 3468 διάφοροί
1059 3388 1117 3447 είσι.
1134 3393 1219 3444 Τοῦτο
1235 3383 1264 3443 δέ
1278 3387 1324 3444 καί

204 3487 329 3569 Ὅμηρος
344 3486 469 3559 έποίησεν
484 3484 579 3544 είπών·

382 3668 499 3754 χαλκίδα
512 3667 690 3745 κικλῄσκουσι
703 3669 776 3741 θεοὶ,
793 3665 881 3748 ἄνδρες
898 3665 927 3725 δε
940 3666 1075 3745 κύμινδιν,

204 3835 248 3892 καί
270 3831 365 3893 πάλιν·

384 3988 415 4046 δν
433 3986 567 4068 Βριάρεων
584 3983 709 4044 καλέουσι
726 3984 803 4046 θεοί.

235 4223 512 4279 wemmam
575 4220 706 4275 27Ξ2θ1
769 4218 902 4271 mma

237 4356 426 4419 Νο1ὄθεν,ὅ
445 4355 559 4407 rubr.A
621 4353 700 4417 2ὅλη
719 4356 777 4403 Aur
839 4346 975 4403 ὄδύνατσι
990 4352 1019 4402 Μ
1085 4353 1120 4418 δὲ]
1139 4353 1170 4418 δὴ
1191 4355 1219 4405 Μ
1284 4359 1328 4408 καὶ

206 4435 290 4484 ιισιιι
309 4430 339 4481 Μ
403 4433 438 4488 ος
456 4441 511 4479 om.
532 4427 560 4478 M
624 4411 723 4488 σουθι,
739 4422 856 4478 maraht.
873 4425 897 4472 A
963 4424 991 4474 13
1007 4423 1075 4493 αυτῷ
1092 4426 1259 4479 Ammo
1275 4428 1327 4478 M:

206 4501 480 4567 ἰοΑοοιυυευσίυω
494 4511 549 4550 σου
562 4498 628 4549 satis
638 4497 814 4563 perspicuum
877 4493 1155 4559 14νομίμων,νευυσ.
1170 4500 1193 4547 Α
1258 4500 1287 4550 15
1302 4497 1328 4565 ἦ]

207 4575 261 4635 ὡςί
325 4571 397 4624 1516
411 4571 592 4624 ἀνσθάλλεσθαι
605 4569 632 4620 Μ
696 4568 726 4621 17
741 4566 782 4633 ἂν]
795 4565 1027 4618 έάνΡίεθ.οοιί.Β
1091 4569 1119 4619 τὸ
1134 4569 1220 4622 semel
1235 4569 1264 4620 Μ

207 4647 238 4698 19
257 4647 288 4698 δι’
304 4643 381 4698 αὐτοῦ
396 4648 456 4710 μυσί
469 4643 558 4708 νοητδν
574 4642 602 4692 Μ
666 4640 698 4693 20
711 4637 909 4704 τοῦτο,τωύῐ.
924 4639 949 4688 Α
1011 4639 1042 4691 23
1060 4639 1110 4692 ἰ’σω
1126 4641 1155 4692 Μ
