3164 5512
396 493 452 545 ΕΙΣ
473 496 535 546 ΤΟΝ
556 496 734 547 ΠΛΑΤΩΝΟΣ
754 495 898 547 ΦΛΙΔΡΟΝ
921 495 1042 547 ΣΧΟΛΙΑ
1234 503 1282 557 233

60 645 130 712 [203]
202 640 277 721 σέγγ’.
300 643 335 701 Τί
355 642 384 701 δ’
405 645 442 703 αὖ
458 650 531 728 περὶ
548 654 606 707 τοῦ
624 649 728 707 καλὸν
747 649 765 720 ἢ
786 650 939 730 αίσχρόν]
961 651 1019 711 277
1040 650 1079 710 D.

202 776 349 854 Συνοψίσας
362 779 392 835 τὸ
407 778 532 861 ἔντεχνον
544 783 588 837 καί
604 779 718 862 ἀτεχνον
731 786 780 838 τοῦ
799 778 880 860 λόγου
896 781 937 860 (τὸ
952 781 1004 862 γάρ
1017 782 1090 862 παρὰ
1102 781 1135 838 τά
1151 781 1283 863 εἰρημένα

160 873 230 952 αὐτῷ
244 876 390 954 γινόμενον
406 877 494 950 δῆλον
509 879 550 937 ότι
569 878 684 961 ἀτεχνόν
702 878 781 960 ἐστι),
800 883 846 936 νῦν
863 878 906 936 ἐπί
925 880 976 951 τήν
993 880 1102 956 σόνοψιν
1120 889 1171 952 τῆς
1189 880 1282 960 εὐπρε-

159 972 238 1036 πείας
252 974 297 1030 καί
312 975 463 1055 ἀπρεπείας
474 983 522 1035 τοὺ
537 976 621 1058 λόγου
635 975 752 1059 έρχεται,
770 975 872 1042 δεικνίις
887 982 926 1054 πῇ
943 978 992 1053 μἐν
1005 977 1091 1035 καλόν
1104 977 1160 1035 ἐστι
1172 980 1203 1036 τό
1218 977 1283 1058 γρά-

112 1067 128 1115 5
160 1092 228 1151 ψειν,
243 1077 283 1149 πῇ
305 1072 333 1131 δὲ
354 1073 386 1131 οό
407 1076 545 1135 ἀλλὰκαὶ
567 1074 761 1135 έπονείδιστον·
782 1077 828 1135 καί
850 1075 953 1156 μεγάλα
971 1076 1030 1134 τινὰ
1051 1076 1078 1134 ἐν
1098 1077 1168 1157 αὐτῷ
1187 1076 1279 1150 ὀνείδη

158 1170 219 1228 εἶπε
237 1171 283 1228 καὶ
302 1177 349 1230 νῦν
364 1171 447 1254 λέγει,
465 1176 674 1255 καταγινώσκων
691 1180 746 1232 τῶν
765 1175 880 1255 ὡσπερεὶ
902 1176 971 1250 μετὰ
989 1175 1020 1232 τὸ
1038 1174 1148 1257 γράψειν
1166 1173 1282 1233 σπουδα-

160 1269 273 1341 ζόντων,
294 1270 334 1327 ότι
353 1273 429 1332 οὗτοι
450 1269 521 1340 ὄξιοί
536 1275 585 1332 είσι
604 1278 652 1331 τοῦ
668 1272 855 1347 ὀνειδίζεσθαι,
871 1271 920 1331 κάν
936 1274 987 1330 ὑπὸ
1004 1278 1059 1331 των
1077 1272 1190 1332 πολλῶν
1207 1273 1281 1331 ἐπαι-

159 1374 268 1441 νῶνται,
292 1369 333 1427 ότι
356 1372 394 1446 μὴ
416 1370 515 1436 είδότες
534 1371 636 1445 ἀληθές
655 1373 700 1430 καὶ
721 1369 816 1447 ψευδὲς
836 1372 883 1428 καὶ
901 1373 950 1444 τὴν
971 1372 1121 1452 φύσιντῶν
1141 1370 1226 1429 ὄντων
1244 1378 1280 1448 τῇ

158 1464 279 1539 ἀληθείᾳ
289 1474 345 1526 τῶν
359 1470 525 1550 πραγμάτων
537 1471 582 1527 καὶ
594 1475 628 1547 τῇ
643 1468 744 1543 εἰδήσει
756 1475 790 1547 τῇ
807 1470 1004 1546 ἐπιστημονικῇ
1016 1470 1047 1527 τὸ
1059 1470 1129 1550 ὄπαρ
1140 1468 1282 1551 παραόἀλ-

94 1563 127 1614 10
158 1564 245 1639 λουσι,
259 1571 293 1643 τῇ
308 1565 336 1624 δέ
355 1574 518 1647 ψανταστικῇ
534 1567 625 1640 ἐννοίᾳ
644 1569 674 1625 τδ
696 1567 761 1649 ὄναρ
780 1566 898 1649 (είδωλα
910 1569 960 1649 γάρ
975 1576 1023 1626 τοῦ
1039 1569 1158 1641 ἀληθοῦς
1171 1565 1232 1651 ἔχει
1250 1569 1281 1626 τὸ

159 1661 242 1744 ὄναρ),
258 1667 384 1738 <καὶ>
399 1667 437 1730 ὡς
454 1666 497 1747 ἐπὶ
514 1665 629 1746 μεγάλῳ
643 1666 782 1747 πράγματι
797 1665 1033 1747 μεγαλαυχοῦντες
1051 1665 1281 1746 έπερείδονταιτῇ

159 1769 313 1844 συγγραφῇ.
329 1798 369 1808 -
382 1765 422 1821 Τδ
440 1763 473 1821 δέ
493 1765 577 1845 ὄπαρ
596 1766 700 1822 τεκαὶ
719 1763 813 1846 ὄναρ,
834 1766 953 1822 τουτέστι
971 1765 1001 1822 τὸ
1019 1762 1104 1843 ὄντως
1121 1763 1219 1838 ἀληθές
1236 1766 1282 1821 καὶ
1340 1811 1345 1823 .

158 1861 271 1934 <τδ>
286 1862 450 1942 ψαινόμενον
466 1862 579 1934 ἀληθὲς,
597 1863 646 1921 οὐκ
660 1862 689 1921 δν
701 1862 739 1924 δέ.
755 1864 790 1920 Τὸ
804 1868 869 1943 γοῦν
886 1864 1019 1942 ἀγνοεῖν
1037 1862 1063 1921 τέ
1083 1865 1114 1921 τὸ
1130 1863 1237 1938 ἀληθές,
1252 1863 1278 1922 τί

158 1960 189 2017 τὸ
203 1957 306 2017 δίκαιον
320 1961 407 2018 καὶτὸ
421 1962 473 2036 μὴ,
489 1961 578 2018 καὶτὰ
591 1968 715 2034 τοιαῦτα,
732 1960 910 2020 ἐπονείδιστόν
925 1960 991 2022 ἐστι,
1017 2010 1020 2015 ,

95 2109 127 2161 15
200 2099 272 2179 τίδ’.
292 2099 443 2180 Μεγάλην
462 2102 535 2159 τινά
553 2101 585 2159 ἐν
604 2100 707 2183 αὐτῷ]
725 2103 838 2163 2771).

198 2233 240 2292 Ἐν
258 2240 297 2314 τῷ
317 2235 392 2314 λόγῳ
412 2233 498 2315 λέγει.
514 2270 554 2280 -
577 2234 606 2292 ‘0
623 2234 656 2293 δέ
670 2259 706 2314 γε
726 2235 758 2293 ἐν
777 2237 834 2311 μἐν
853 2242 895 2317 τῷ
919 2237 1155 2317 γεγραμμένῳ·
1178 2237 1209 2295 τδ
1230 2238 1279 2314 μέν

48 2342 109 2394 1092
120 2350 143 2393 ι·ο
158 2332 206 2391 οὖν
218 2333 304 2399 οότως
317 2334 428 2415 γράψειν
443 2334 482 2397 ὡς
497 2334 557 2414 περὶ
571 2332 724 2391 σπουδαίων
736 2335 865 2414 ἀπρεπές,
876 2335 906 2391 τὸ
917 2333 946 2392 δὲ
961 2335 1000 2400 ὡς
1011 2334 1038 2392 έν
1047 2332 1154 2399 παιδιᾶς
1165 2335 1239 2416 μέρει
1257 2335 1262 2416 Ι

158 2429 247 2489 εἰδότα
260 2433 290 2488 τὸ
304 2429 405 2504 ἀληθές
419 2434 464 2489 καί1
479 2430 599 2508 μάλιστα
608 2430 686 2490 ’ἕνεκα
700 2438 748 2489 τοῦ
763 2432 790 2490 ἐν
802 2438 836 2509 τῇ
847 2437 923 2514 ψυχῄ
938 2439 987 2491 τοῦ
1000 2434 1180 2509 μανθάνοντος
1195 2434 1279 2515 ἐγχα·

156 2526 233 2610 ράξαι
248 2529 311 2595 τοὺς
326 2527 438 2609 λόγους,
453 2531 499 2586 καὶ
517 2532 556 2606 μὴ
577 2530 604 2587 ἐν
614 2531 782 2611 γράμμασιν,
799 2531 941 2612 εὐπρεπῶς
955 2529 1023 2613 ἔχει·
1039 2530 1112 2611 λέγει
1127 2530 1214 2589 δὲκαὶ
1229 2533 1279 2590 δσα

93 2647 124 2698 20
154 2628 250 2708 πρέπει
270 2633 308 2707 τῷ
328 2628 423 2693 καλῶς
445 2629 575 2708 γράψοντι
596 2628 623 2686 έν
646 2629 767 2705 συνόψει,
791 2628 841 2686 όσα
861 2627 917 2702 ἤδη
936 2629 1061 2709 ἀνωτέρω
1081 2636 1222 2710 προεῖπεν.
1239 2665 1279 2676 -

156 2726 252 2791 Υίέας
269 2727 318 2802 μέν
331 2725 444 2784 ἐκάλεσε
455 2727 518 2790 τοὺς
532 2726 559 2785 ἐν
572 2726 643 2806 αὐτῷ
657 2725 764 2806 λόγους,
779 2726 946 2810 ἀδελφοὺς
962 2721 991 2784 δέ
1003 2727 1068 2792 τοὺς
1084 2727 1110 2784 έν
1123 2725 1217 2785 ἀλλων
1230 2728 1279 2804 μὶν

156 2829 257 2905 ψυχαῖς
273 2824 462 2900 ἐπιστημόνων
477 2824 516 2898 δἐ,
534 2825 693 2904 ἐκγόνους
709 2824 811 2892 δὲτοός
826 2825 927 2891 ἐντοῖς
943 2828 1087 2900 μαθηταῖς.

198 2968 267 3047 σέγε.
285 2969 410 3026 Οὐκοῦν
430 2968 492 3042 ἤδη
514 2970 703 3053 πεπαίσθω]
724 2972 782 3032 278
798 2972 834 3030 Β.

194 3108 232 3163 Τά
248 3108 375 3187 είρημένα
388 3108 448 3186 περὶ
467 3107 560 3186 λόγων
579 3108 618 3173 ὡς
636 3093 667 3164 ἐν’
677 3106 785 3172 παιδιᾶς
802 3110 877 3188 μέρει
897 3108 1072 3188 πεπαίχθω
1091 3107 1136 3164 καί
1152 3104 1277 3186 λελέχθω

92 3221 124 3271 25
155 3207 235 3280 ἡμῖν.
252 3203 296 3269 Ὦς
310 3206 361 3284 γάρ
374 3204 442 3283 πρὸς
461 3206 511 3276 την
528 3202 605 3262 ἔνδον
626 3205 758 3285 ἐνέργειαν
777 3211 825 3261 τοῦ
845 3206 1017 3284 Σωκράτους,
1037 3204 1070 3262 τά
1085 3205 1214 3285 εἰρημένα
1231 3204 1277 3261 καί

156 3301 233 3363 ἐκτὸς
250 3300 342 3359 παιδιά
361 3300 427 3371 ἐστι,
447 3303 546 3382 καίπερ
566 3301 688 3380 μεγάλης
707 3301 767 3369 ἀξια
786 3300 851 3360 ὄντα
870 3300 997 3374 σπουδῆς·
1014 3301 1105 3382 ὥσπερ
1120 3299 1199 3373 οόνὴ
1216 3301 1277 3380 περὶ

156 3398 202 3456 τὸν
216 3399 321 3475 κόσμον
335 3397 496 3480 δημιουργία
509 3405 564 3457 τῶν
581 3405 666 3470 θεῶν,
681 3401 719 3465 ὡς
731 3400 799 3480 πρὸς
813 3403 863 3472 τὴν
877 3398 933 3456 ἀνω
946 3401 993 3456 καλΙ
1011 3401 1090 3457 θείαν
1103 3400 1148 3456 καίΙ
1161 3401 1276 3471 νοητὴν,

145 3496 280 3579 ,παίγνιόν
299 3497 379 3569 ἐστιν,
401 3498 472 3554 οότω
490 3499 536 3555 καὶ
556 3500 570 3557 ό
592 3498 676 3578 λόγος
697 3500 711 3556 ό
733 3499 808 3563 έκτδς
828 3500 872 3556 καὶ
892 3499 1068 3580 προρορικὸς,
1091 3499 1127 3564 ὡς
1146 3499 1212 3578 πρὸς
1231 3498 1278 3553 τὸν

157 3593 318 3669 ἐνδιάθετον,
333 3595 457 3674 παίγνιόν
469 3581 535 3657 ἐστι.

96 3754 127 3804 30
198 3733 270 3816 clfi'.
287 3738 346 3795 Καὶ
364 3737 442 3816 τόγε
460 3736 563 3796 ἐλθὼν
582 3739 699 3820 ρράζε]
721 3739 779 3799 278
799 3738 836 3799 Β.

197 3866 300 3948 Ὥσπερ
313 3870 362 3938 τὴν
380 3867 470 3949 ἀρχὴν
483 3875 531 3924 τοῦ
545 3865 627 3946 λόγου
645 3866 742 3924 τοότου
762 3868 800 3931 εἷς
820 3867 903 3933 θεοὺς
924 3867 1082 3947 ἀνήνεγκεν,
1100 3866 1171 3924 οότω
1185 3866 1231 3922 καί
1247 3865 1278 3923 τδ

156 3966 237 4031 τέλος
249 3972 326 4031 θεοῖς
341 3966 493 4039 ἀνατίθησι,
503 3965 550 4022 καὶ
566 3971 614 4023 τοῦ
628 3964 725 4029 παντὸς
741 3962 769 4022 δὲ
784 3964 866 4043 λόγου
881 3965 912 4021 τὸ
924 3963 1006 4045 πέρας
1019 3971 1077 4030 τοῖς
1092 3971 1169 4030 θεοῖς
1184 3963 1276 4021 ἀνατί-

188 4153 237 4204 Nc
253 4154 267 4203 1
283 4156 316 4214 τί,
330 4173 344 4204 τ
358 4152 432 4202 rubr.
448 4155 473 4203 A
535 4151 551 4202 2
568 4157 628 4215 post
641 4153 758 4218 εἰρημένα
773 4151 843 4217 sign.
856 4151 906 4203 rel.
920 4152 949 4201 in
965 4155 988 4201 A
1006 4151 1055 4202 sed
1073 4151 1141 4200 nihil
1159 4151 1187 4200 in
1205 4162 1277 4200 mar·

157 4225 239 4290 gine‘
285 4223 597 4291 θάτιχνον-έέρχεται
609 4236 664 4272 om.
679 4223 706 4272 Μ
773 4222 865 4289 ὄψινΕ
928 4223 1008 4274 θκαί
1029 4221 1227 4288 καταγινώσκων
1248 4220 1274 4271 Μ

221 4293 293 4362 μετὰ]
307 4298 370 4360 μέγα
384 4297 443 4344 As?
506 4292 568 4343 9-10
584 4294 775 4361 παραὸἀλλουσι
790 4308 825 4344 ex
840 4293 994 4361 παραθάλλει
1009 4297 1033 4344 Α
1097 4293 1127 4343 10
1143 4295 1277 4344 ιίδωλα-

159 4369 219 4435 ὄναρ
233 4381 288 4417 om.
310 4366 338 4415 Μ
403 4365 433 4414 11
449 4366 492 4416 καί
511 4362 604 4415 addidi
668 4365 697 4414 13
713 4366 741 4415 τό
760 4364 853 4415 addidi
917 4366 946 4414 14
962 4366 1005 4416 καί
1019 4362 1060 4429 A]
1076 4364 1141 4417 κατά
1161 4363 1189 4414 Μ
1211 4363 1276 4427 (jam

158 4452 264 4490 cortex.
281 4441 346 4500 Αετ)
410 4436 440 4487 15
458 4434 577 4501 μεγάλην,
596 4454 626 4499 με
645 4437 719 4486 rubr.
740 4438 764 4485 A
827 4435 858 4487 18
874 4438 957 4488 εἰδότα
972 4437 1001 4486 τδ
1016 4435 1125 4485 evanid.
1142 4436 1171 4485 in
1191 4438 1214 4484 A

160 4511 188 4561 19
204 4513 247 4561 καί
258 4516 324 4561 auto
338 4510 386 4561 όσα
398 4521 453 4561 om.
464 4511 501 4560 A·
564 4507 990 4566 2060a0m.M*21u1214A·
1053 4506 1277 4571 ἀλλωνμένΑαΤτ

158 4584 227 4648 ἄλλῳ
245 4581 287 4644 μέν
301 4579 353 4633 ΕΜ
365 4592 374 4635 3
384 4579 453 4634 ἀλλω
466 4579 510 4631 καί
524 4579 562 4630 A·
618 4578 649 4630 23
665 4577 769 4640 οὐκοῦν,
781 4578 812 4632 οὐ
821 4579 896 4632 rubr.
910 4582 934 4630 Α
996 4578 1027 4629 24
1043 4580 1173 4630 πεπαίσθω
1187 4578 1215 4628 Μ

157 4653 188 4704 2⁵
205 4650 274 4716 ἡμῖν]
289 4648 358 4702 εἶπεν
374 4654 411 4702 A·
472 4648 504 4699 ³0
518 4649 571 4709 καί,
586 4668 601 4699 ιι
616 4649 689 4699 rubr.
705 4652 729 4699 A
793 4645 865 4716 σόγι]
881 4645 914 4704 σέ
929 4667 956 4701 τι
974 4648 1044 4700 Plau
