3150 5504
395 468 452 520 ΕΙΣ
473 471 533 519 TON
557 466 733 519 ΠΛΑΤΩΝΟΣ
755 464 897 518 ΦΑΙΔΡΟΝ
920 468 1042 517 ΣΧΟΛΙΑ
1250 460 1282 510 45

77 633 129 699 [81]
162 626 241 683 παντί
253 628 357 700 ότιμοῦν
369 624 460 704 λέγειν
476 626 513 689 ὡς
528 626 542 682 6
559 625 618 701 μὲν
634 625 701 704 ἐρῶν
716 624 867 682 ἀκόλαστον
882 621 970 705 έρωτα
986 626 1150 699 μαίνεται,
1163 628 1178 682 6
1193 625 1226 683 δὲ
1242 630 1280 701 μή

161 724 230 803 έρων
251 731 462 804 σωφρονεῖ.»
485 722 561 782 Ἀλλ’
581 722 633 802 οῦχ
653 723 757 798 ὁμοίως
778 723 844 780 αὐτό
864 746 930 803 φησι
951 725 1047 788 Λυσίας
1065 725 1115 781 καί·
1133 727 1281 805 Σωκράτης

161 821 223 879 0666
237 823 289 880 ἀπὸ
303 831 354 895 τῆς
369 823 454 894 αὐτῆς
469 821 613 886 διαθέσεως
627 823 806 902 προφέρονται
818 824 865 880 τὸν
882 823 976 902 λόγον.

202 975 259 1052 μδ.
287 979 375 1057 Παρὰ
399 979 436 1034 τὸ
458 975 665 1054 Κυψελιδῶν]
691 977 749 1035 236
773 977 810 1041 Β.

111 1134 126 1183 5
198 1121 233 1177 Τδ
244 1118 246 1121 ’
255 1120 304 1195 μὲν
319 1128 369 1191 τῆς
386 1120 505 1199 ἱστορίας
515 1125 651 1177 τοιοῦτον·
672 1121 796 1195 Κῦψελος
816 1122 906 1197 πατήρ
922 1119 1026 1198 ἐγένετο
1042 1118 1218 1200 Περιάνδρου·
1236 1123 1281 1177 οῦ-

159 1239 210 1296 περ
226 1219 251 1273 σί
268 1219 332 1282 υίεῖς
349 1218 474 1296 τόραννοι
489 1216 565 1281 ὄντες
580 1227 629 1288 τῆς
642 1219 769 1298 Κορίνθου
786 1217 974 1288 κατελύθησαν
993 1226 1041 1290 τῆς
1062 1217 1215 1297 τυραννίδος
1230 1220 1281 1275 ὑπὸ

66 1332 91 1382 p.
105 1319 138 1369 82
160 1315 317 1395 Κορινθίων·
333 1309 450 1387 ηὔξαντο
465 1314 512 1373 οῦν
532 1318 557 1373 οί
574 1314 740 1396 Περιάνδρου
754 1321 802 1373 τοῦ
818 1316 941 1392 Κυψέλου
955 1318 1021 1381 υίεῖς
1035 1315 1062 1372 ἐν
1080 1314 1228 1391 ὈλυμΙπίφ
1242 1324 1282 1391 τῷ

160 1415 213 1486 Διὶ,
229 1416 252 1471 εί
268 1415 465 1487 ἀνακτήσαιντο
480 1417 530 1486 τήν
545 1413 699 1495 τυραννίδα,
715 1419 833 1495 χρυσοῦν
851 1411 996 1492 ἀνδριάντα
1013 1414 1164 1495 όλόσφυρον
1186 1421 1225 1489 τῷ
1243 1417 1283 1471 Διὶ
1344 1437 1347 1441 ’

159 1512 314 1585 ἀναθήσειν,
330 1513 376 1568 καὶ
390 1515 573 1592 κρατήσαντες
592 1513 720 1570 ἀνέθεσαν
736 1515 863 1592 μέγιστον
878 1510 993 1590 ἄγαλμα
1007 1518 1124 1592 χρυσοῦν
1142 1518 1189 1569 τοῦ
1209 1514 1280 1577 Διός.

95 1615 127 1666 10
158 1610 188 1665 Τί
209 1607 256 1666 οῦν
277 1607 360 1681 δηλοῖ.
379 1616 418 1684 τῷ
438 1609 548 1690 Φαίδρῳ
569 1611 600 1667 τὸ
619 1610 752 1690 πρότερον
773 1610 821 1685 μὲν
837 1609 929 1667 εἰκόνα
947 1610 1108 1689 Σωκράτους
1124 1609 1153 1667 ἐν
1167 1609 1283 1691 Δελφοῖς

161 1707 317 1782 ἀναθήσειν,
337 1714 382 1764 νῦν
403 1707 432 1765 66
451 1709 624 1790 σφυρήλατον
644 1707 787 1787 ἀνδριάντα
808 1707 968 1787 Σωκράτους
986 1714 1026 1782 τῷ
1047 1708 1087 1764 Διί
1094 1731 1101 1780 ;
1123 1706 1219 1787 ῥητέον
1234 1706 1281 1764 οῦν

161 1804 247 1870 οὕτως
261 1807 303 1863 δτι
318 1804 394 1878 διττή
412 1807 511 1877 ἐστινὴ
526 1805 702 1886 δημιουργία,
721 1809 738 1877 ή
753 1806 800 1881 μἐν
817 1806 934 1886 ἀφανής,
949 1809 966 1877 ἢ
981 1804 1008 1862 δὲ
1020 1805 1155 1887 ἐμφανής·
1172 1806 1217 1862 καί
1233 1815 1283 1878 τῆς

164 1904 213 1978 μὲν
228 1903 365 1984 ἐμφανοῦς
381 1907 546 1984 προέστηκεν
562 1907 576 1961 6
591 1905 685 1983 ήλιος,
701 1912 749 1976 τῆς
765 1902 793 1960 δὲ
811 1904 927 1984 ἀφανοῦς
947 1905 961 1960 6
979 1903 1056 1967 Ζεός.
1080 1903 1216 1984 Πρότερον
1236 1903 1282 1961 οῦν

162 1999 257 2080 ἔλεγεν
277 2003 291 2057 6
311 2000 429 2082 Φαῖδρος
448 2002 489 2058 ότι
513 2026 527 2056 ιι
544 2002 588 2059 έάν
608 2001 737 2059 καλλίονά
758 2024 805 2077 μοι
831 2002 916 2082 λόγον
941 1994 1077 2079 ἐπιδείξης
1098 2007 1147 2059 τοῦ
1171 2002 1280 2076 Λυσίου,

99 2110 129 2159 15
161 2105 215 2155 πᾶν
238 2098 269 2154 τὸ
293 2099 409 2180 ἐμφανὲς
435 2098 539 2163 κάλλος
564 2105 612 2156 τοῦ
636 2101 766 2170 αἰσθητοῦ
787 2100 892 2175 κόσμου
916 2099 994 2179 (ὅπερ
1015 2103 1033 2170 ἡ
1056 2100 1135 2157 εἰκὼν
1157 2101 1284 2175 σημαίνει

164 2197 336 2275 Σωκράτους,
355 2198 414 2255 ἐπεὶ
429 2198 474 2254 καί
496 2198 576 2255 είκών
592 2197 647 2254 ἐστι
664 2198 694 2255 τὸ
710 2198 840 2270 αἰσθητὸν
854 2177 960 2261 κάλλος
975 2202 1023 2254 τοῦ
1038 2203 1148 2269 νοητοῦ,
1166 2197 1223 2255 ἐπεὶ
1239 2195 1283 2254 καὶ

163 2294 244 2357 αθτδς
266 2297 280 2350 6
297 2295 409 2374 κόσμος)
432 2291 521 2371 ἐξάψω
540 2301 588 2352 τοῦ
603 2293 686 2367 ἡλίου
700 2301 748 2352 τοῦ
763 2296 928 2376 ἐπάρχοντος
941 2302 989 2352 τοῦ
1004 2296 1108 2371 κόσμου
1124 2297 1169 2352 καὶ
1184 2296 1285 2358 παντὸς

162 2399 210 2449 τοῦ
230 2394 356 2465 αἰσθητοῦ
376 2392 505 2458 κάλλους·
525 2418 539 2449 υ
561 2395 617 2451 νυνὶ
633 2392 662 2451 δέ
680 2394 722 2450 ότι
738 2419 752 2448 ιι
769 2396 814 2451 καὶ
831 2394 914 2464 αὐτήν
932 2417 978 2451 σου
995 2395 1046 2463 τήν
1063 2397 1155 2475 ψυχήν
1172 2394 1199 2473 (θ’
1214 2394 1284 2450 έστιν

164 2493 178 2546 6
199 2489 305 2563 ἀληθής
324 2493 488 2571 Σωκράτης;
508 2493 635 2566 σημαίνει
655 2491 684 2549 δὲ
702 2495 807 2549 ἅπασαν
826 2494 876 2564 τήν
897 2493 989 2549 οὐσίαν
1004 2501 1054 2563 τῆς
1072 2497 1162 2573 ψυχῆς
1178 2491 1222 2548 διὰ
1236 2499 1285 2549 τοῦ

100 2600 132 2652 20
164 2589 339 2670 σφυρηλάτου
351 2589 520 2670 ἀνδριάντος,
535 2592 573 2654 ὡς
587 2589 621 2647 δι’
633 2591 700 2648 όλου
715 2590 792 2656 ὄντος
805 2591 919 2671 χρυσοῦ)
935 2591 1062 2663 ἀναθήσω
1076 2592 1120 2648 καί
1132 2590 1284 2666 ἀναπέμψω

165 2690 202 2753 είς
218 2689 265 2746 τδν
280 2689 327 2747 Δία
341 2691 388 2746 τὸν
408 2688 560 2768 ἐπάρχοντα
577 2695 624 2745 τοῦ
644 2695 743 2762 νοητοῦ
760 2689 864 2764 κόσμου
882 2689 927 2746 καὶ
947 2697 997 2760 τῆς
1018 2689 1135 2769 ἀφανοῦς
1153 2687 1285 2768 δημιουρ-

165 2789 237 2867 γίας.
257 2812 272 2843 »

208 2935 261 3012 με’.
289 2935 422 3015 Ἓτερόν
445 2958 476 2992 τι
499 2933 759 3039 ποικιλώτερον]
783 2937 842 2994 236
866 2934 904 2999 Β.

208 3109 222 3138 ιι
239 3083 275 3140 06
290 3085 341 3164 γὰρ
355 3082 481 3140 ποικίλον
496 3081 581 3139 καλὸν
598 3080 694 3158 μέλλω
710 3081 812 3160 λέγειν,
829 3082 896 3161 ὅπερ
912 3083 1009 3146 Λυσίας
1025 3084 1110 3162 εἶχεν,
1127 3082 1155 3138 έν
1169 3083 1286 3140 συνθέσει

102 3195 133 3244 25
165 3182 210 3238 καὶ
231 3180 357 3261 διαιρέσει
377 3181 552 3262 φαινόμενον,
572 3179 646 3237 ἀλλά
665 3178 769 3237 ἁπλοῦν
788 3181 833 3237 καί
855 3179 994 3256 μονοειδές
1014 3180 1060 3237 καί
1078 3182 1232 3255 ἡνωμένον·
1254 3181 1286 3238 ab

167 3277 196 3335 δὲ
211 3277 309 3343 είωθας
323 3281 357 3336 τά
371 3278 460 3354 άτομα
473 3279 519 3334 καί
535 3278 648 3335 σύνθετα
661 3279 707 3334 καί
723 3275 843 3356 διαίρετα
859 3279 929 3352 μόνα
942 3279 1019 3357 ὁρᾶν.
1037 3299 1052 3336 ν
1068 3279 1103 3335 Τὸ
1119 3275 1147 3334 δέ
1164 3279 1213 3342 είς
1228 3279 1285 3342 τάς

167 3376 285 3453 ὁμοίας
305 3372 417 3447 λαόάς,
439 3377 522 3433 οἱονεί
544 3376 658 3455 έπαφάς,
682 3376 810 3451 μέμψεις,
832 3380 877 3432 νῦν
898 3373 926 3432 δέ
945 3375 1082 3456 ἀφορμὰς,
1103 3376 1148 3432 καὶ
1170 3377 1201 3432 τὸ
1222 3381 1286 3432 τῶν

165 3472 443 3552 κωμῳδιοποιῶν·
473 3475 504 3530 τὸ
535 3474 584 3548 μέν
608 3473 654 3536 εἷς
678 3473 734 3537 τάς
757 3473 877 3547 ὁμοίας
902 3469 1019 3545 λαόάς,
1046 3473 1098 3530 ἀπὸ
1128 3479 1285 3553 μεταφορᾶς

196 3655 211 3703 5
238 3650 353 3720 Κύψελος
378 3681 409 3690 -
435 3654 527 3712 9Διός
546 3676 577 3695 =
597 3653 682 3703 schol.
703 3651 848 3717 236311).
874 3652 921 3704 266
941 3653 1047 3714 Herm.)
1111 3653 1141 3702 13
1159 3653 1286 3720 Πρότερον

165 3725 200 3774 ef.
212 3725 272 3787 44,7
335 3725 367 3775 20
383 3725 542 3792 σφορηλάτου
553 3725 618 3775 inde
628 3723 772 3788 intelleges
783 3723 932 3774 Proevat.
946 3724 1043 3773 Kram.
1060 3724 1081 3783 Ι,
1096 3725 1125 3773 12
1134 3724 1285 3788 (Leu‘rsce,

166 3795 289 3845 Paroem.
311 3797 323 3846 Ι
346 3796 400 3855 383,
424 3796 449 3855 81
475 3798 577 3864 ἀνθριδις
602 3795 766 3863 σφυρήλατος·
789 3799 828 3846 ἐπί
853 3805 902 3846 τῶν
924 3795 1080 3858 ἀναισθήτων
1143 3795 1175 3845 28
1192 3796 1287 3847 ἀπδ-
1362 3819 1368 3835 ·

165 3868 204 3929 46,
215 3867 240 3988 ἐ
250 3871 407 3919 παλαιόντων
425 3885 455 3915 =
472 3868 558 3920 schol.
574 3868 609 3917 ad
623 3867 670 3917 236
686 3867 707 3916 B
723 3867 759 3931 (p.
775 3866 822 3916 267
840 3866 966 3926 Hermu:
987 3865 1088 3917 deinde
1104 3864 1205 3916 similia
1224 3865 1287 3915 aliis

165 3952 214 3989 ver
234 3952 256 3989 ιο

197 4055 244 4107 NC
258 4058 273 4106 4
286 4056 364 4122 παρὰ,
375 4073 393 4104 π
402 4055 476 4105 rubr.
490 4058 514 4104 A
578 4055 593 4103 5
607 4053 764 4121 Περιάνδρου
776 4052 857 4120 πάτηρ
869 4051 899 4117 ἦν
910 4051 996 4102 schol.
1061 4041 1120 4103 οῦ...
1135 4049 1151 4099 6
1164 4050 1287 4117 Κορίνθου

165 4128 251 4178 om.C
315 4117 392 4192 οὗπερ
406 4127 511 4177 schol.:
528 4115 557 4177 οῦ
568 4124 725 4191 Περιάνδρου
735 4124 798 4175 libri
861 4124 877 4174 6
893 4125 1017 4189 Κορίνθου
1027 4119 1143 4190 τύραννοι
1158 4126 1287 4188 γεγονότες

166 4201 213 4251 ῦπδ
230 4199 369 4265 Κορινθίων
384 4194 554 4260 κατελύθησαν
572 4197 657 4248 schol.
721 4195 738 4245 7
752 4200 776 4247 οἱ
791 4201 852 4254 υίεῖς
873 4196 901 4245 Μ
966 4200 1019 4246 οί...
1036 4192 1106 4259 υίείς]
1118 4184 1187 4245 οῦτοι
1199 4193 1286 4244 schol.

166 4276 219 4321 ἐν...
237 4272 277 4319 Διί
292 4283 346 4319 om.
362 4269 448 4319 schol.
496 4267 545 4318 8εί
560 4268 634 4319 πάλιν
647 4267 691 4330 τὴν
709 4265 791 4332 ἀρχὴν
807 4265 989 4329 ἀνακτήσαιντο
1005 4265 1089 4316 schol.
1138 4264 1181 4314 69
1193 4264 1288 4328 ἀναθή-

166 4359 217 4391 σειν
237 4349 271 4407 τῷ
292 4342 332 4389 Διὶ
353 4341 380 4388 Μ
396 4348 430 4405 τῷ
445 4342 493 4405 θεῷ
513 4338 645 4401 ἀναθήσειν
663 4342 688 4389 ἐν
707 4338 837 4408 Ὀλυμπία
858 4341 997 4403 ὀλόσφυρον
1012 4336 1096 4386 schol.
1161 4334 1244 4397 9καί]
1264 4339 1288 4386 οί

166 4410 196 4475 δὴ
211 4411 296 4461 schol.
361 4409 528 4477 κρατήσαντες
543 4410 731 4476 <Κορίνθου>
747 4411 866 4459 ἀνέθεσαν
885 4411 1029 4467 <ἐκεῖσε>
1048 4405 1134 4456 schol.
1200 4406 1230 4455 10
1246 4408 1288 4457 τδν

168 4481 278 4546 Φαῖδρον
291 4486 347 4531 Am*
410 4479 441 4528 17
457 4479 620 4546 ἐπάρχοντοςί
637 4478 795 4545 ὑπάρχοντος
810 4477 865 4527 ΒΜ
880 4478 916 4528 οί.
930 4478 970 4535 31,
984 4474 1140 4535 160t32,13
1204 4472 1235 4524 18
1252 4474 1289 4525 ότι

166 4565 219 4603 om.
232 4553 261 4602 M
325 4550 355 4602 21
370 4549 522 4618 ἐπάρχοντα]
538 4548 684 4616 ὑπάρχοντα
701 4550 755 4600 ΒΜ
767 4564 773 4597 :
785 4549 821 4600 cf.
839 4548 869 4599 17
932 4549 962 4600 23
977 4549 1069 4613 ἕτερον,
1085 4548 1097 4598 έ
1112 4546 1186 4596 rubr.
1202 4549 1226 4596 Α

167 4621 352 4688 27πέμψειςΕ
415 4618 786 4678 καίτῦ-θθλαὸἀςοωΜ
850 4618 1025 4684 ἳδκιομῳδῶν
1037 4616 1174 4666 Ρ1α1.;αί.
1188 4616 1259 4676 468
