3164 5512
374 474 429 527 ΕΙΣ
449 477 510 535 TON
533 473 709 528 [111111οΝοΣ
731 476 873 528 ΦΑΙΔΡΟΝ
897 479 1018 543 mom
1214 488 1260 542 253

41 632 106 698 [198]
181 627 247 686 σνα’.
264 627 395 700 ἓΟὐκοῦν
415 630 450 684 τὸ
474 630 531 704 μἐν
552 630 680 710 τέχνης]
703 629 761 689 274
783 629 820 687 Β.

181 786 232 844 Ἢν
250 789 300 867 γάρ
320 789 399 853 αὐτὸς
419 793 488 864 ἡμῖν
507 788 680 870 παραδέδωκε
701 790 827 865 μέθοδον,
847 791 930 871 τέχνη
955 791 1035 848 ἐστίν·
1059 793 1170 874 ἀτεχνία
1194 791 1222 850 δε
1242 796 1259 864 ἡ

140 887 209 941 κατὰ
223 887 268 942 τὸν
282 886 379 944 Λυσίαν
392 888 436 942 καί
451 887 513 951 τούς
528 886 623 952 ἀλλους
640 889 770 968 ῥήτορας.

180 1084 246 1148 σνύ’.
269 1089 308 1146 Τὸ
332 1086 359 1145 δ’
379 1089 578 1168 εὐπρεπείας
602 1087 652 1169 δή]
676 1091 735 1150 274
757 1091 793 1149 Β.

92 1261 107 1309 5
180 1255 317 1314 Ἐντεῦθεν
337 1258 396 1336 περὶ
420 1257 618 1336 εὐπρεπείας
643 1265 691 1314 τοῦ
715 1259 878 1339 συγγράφειν
897 1261 941 1316 καίΙ
965 1260 1147 1339 ἀπρεπείας
1170 1260 1275 1319 διαλέ-.

139 1377 226 1432 γεται,
239 1356 284 1412 καί
297 1356 363 1412 πότε
377 1355 420 1412 δεῖ
435 1357 607 1437 συγγράφειν·
623 1358 687 1437 φησί
699 1364 765 1434 γοῦν
780 1381 794 1411 ιι
807 1358 871 1414 όταν
884 1380 924 1421 τις
942 1358 1080 1433 ἐπιστήμῃ
1095 1358 1164 1437 λέγῃ
1182 1359 1262 1425 εἰδὼς

138 1454 168 1508 τὸ
183 1453 283 1524 ἀληθές
297 1455 341 1509 καί
354 1456 387 1533 τά
401 1455 554 1533 πράγματα,
571 1456 615 1510 καί
631 1455 698 1534 πρὸς
713 1456 818 1519 τούτοις
832 1453 945 1535 διδαχῆς
962 1453 1049 1513 ἀλλου
1062 1456 1153 1537 χάριν,
1172 1453 1263 1515 ’ἔπειτα

139 1548 167 1606 δὲ
181 1549 227 1607 ’ίνα
242 1552 280 1615 ὡς
296 1549 387 1624 παιδιᾷ
399 1555 535 1632 χρήσηται
548 1558 585 1630 τῷ
599 1551 760 1633 συγγράφειν
775 1553 820 1609 καί
840 1554 878 1627 μὴ
893 1555 931 1618 ὡς
946 1552 1167 1632 περισπουδάστῳ
1181 1556 1263 1635 πράγ-

141 1671 215 1723 ματι,
228 1649 288 1706 τότε
302 1647 388 1705 καλόν
407 1649 505 1705 ἔστιτὸ
522 1649 696 1731 συγγράφειν.
716 1676 730 1705 »

76 1850 108 1902 ιο
180 1847 247 1923 ιη’.
271 1843 362 1900 οιοο
384 1844 439 1901 σοι
462 1846 525 1920 οπῃ
551 1844 709 1925 μάλιστα]
733 1827 850 1904 2741'3.

178 2015 263 2069 Τοῦτο
284 2009 334 2088 γάρ
355 2009 410 2065 ἐστι
430 2011 460 2066 τὸ
483 2008 624 2089 εὐπρεπῶς
643 2010 753 2091 γράφειν
771 2010 802 2066 τὸ
824 2008 967 2088 ἀρέσκοντα
986 2017 1047 2075 τοῖς
1068 2012 1147 2074 θεοῖς
1166 2009 1263 2089 λέγειν·

140 2106 231 2179 ἐπειδὴ
251 2109 302 2186 γάρ
319 2107 401 2163 αὐτὸν
419 2107 464 2164 τὸν
484 2105 563 2184 λόγον
583 2111 652 2182 ἡμῖν
672 2107 846 2189 ἐχαρίσαντο,
868 2106 909 2164 δεῖ
931 2109 968 2173 εῖς
989 2108 1071 2172 θεοὺς
1091 2108 1197 2186 ἀνάγειν
1215 2111 1266 2178 την
1356 2113 1358 2119 “

140 2206 298 2285 εὐπρέπειαν
319 2211 366 2262 τού
389 2205 483 2282 λόγου,
507 2206 553 2262 καί
576 2205 664 2281 τούτῳ
690 2207 798 2285 ὀργάνῳ
820 2209 941 2287 χρῆσθαι
964 2209 1001 2270 είς
1023 2210 1074 2278 τὴν
1094 2208 1155 2286 περὶ
1177 2207 1266 2264 αὐτῶν
1404 2224 1406 2232 ·

141 2305 271 2384 θεωρίαν.Ι

79 2505 109 2556 15
182 2491 250 2552 ανδ,
273 2490 389 2562 Ἀκοήν
410 2490 439 2569 γ’
461 2487 523 2572 ἔχω
547 2490 669 2570 λέγειν]
693 2491 752 2550 274
775 2490 811 2550 C.

180 2637 379 2733 Ἐρωτῆσαντος
395 2658 443 2709 τοῦ
460 2656 619 2731 Σωκράτους
633 2653 679 2708 τὸν
695 2638 816 2731 ιΦαῖδρον
831 2652 872 2708 θ’τι
889 2652 1006 2730 «οἶσθα
1019 2658 1080 2717 πῶς
1095 2652 1181 2730 λέγων
1192 2657 1265 2718 θεοῖς

139 2751 321 2832 κεχαρισμένα
337 2748 461 2828 πράξεις;
480 2773 494 2802 »
515 2749 597 2830 φησίν
613 2749 654 2805 ότι
670 2774 684 2803 ιι
702 2746 870 2824 οὐδαμῶς·
888 2750 910 2806 εί
926 2747 954 2806 δέ
969 2749 1000 2806 σύ
1014 2750 1039 2829 γ’
1054 2749 1142 2820 σίδας,
1162 2749 1229 2809 είπί.
1249 2773 1263 2827 ιι

34 2859 126 2910 1·88ν·
139 2849 252 2906 Ἔπειτα
266 2851 280 2905 θ
296 2848 443 2929 φιλόσοφος
459 2847 501 2903 θ’τι
517 2871 531 2901 ο
548 2847 651 2917 ἀκοὴν
669 2845 731 2928 ἔχω
748 2848 846 2904 εἰπεῖν·
865 2873 879 2902 υ
900 2847 906 2927 Ι
923 2846 1006 2905 είωθε
1018 2850 1096 2928 γάρθ
1113 2848 1263 2928 Σωκράτης

139 2947 171 3003 τά
190 2946 233 3028 ὐφ’
248 2949 344 3003 ἑαυτοῦ
363 2946 492 3024 γινόμενα
507 2945 575 3001 πάνυ
596 2945 775 3023 εὐγνωμόνως
791 2946 830 3009 είς
851 2945 934 3010 Βεούς
953 2945 1090 3026 ἀναφέρειν
1105 2947 1122 3017 ἢ
1139 2946 1178 3010 είς
1197 2948 1264 3002 θπα-

74 3049 108 3098 20
141 3043 202 3109 δούς
225 3051 300 3102 θεῶν
324 3042 431 3123 ἀ’νδρας·
456 3045 501 3099 καί
522 3044 572 3122 γάρ
596 3043 659 3106 τούς
683 3043 778 3108 θείους
804 3042 899 3124 ἀνδρας
924 3043 973 3101 οὐκ
998 3037 1150 3116 ἀπηξίωσεν
1175 3043 1202 3101 ἐν
1226 3047 1264 3121 τῷ

141 3148 284 3223 Σοφιστῇ
300 3142 382 3206 Βεούς
397 3140 521 3199 καλίσαι·
537 3141 646 3220 καὶγὰρ
662 3142 688 3198 οί
704 3144 783 3222 σοφοί
797 3143 841 3198 καὶ
855 3149 928 3200 θεῖοι
943 3140 1036 3221 ἄνδρες
1054 3143 1115 3200 θεοί
1138 3143 1205 3200 είσιν
1225 3142 1264 3205 ὡς

139 3242 204 3321 πρὸς
223 3241 390 3319 ἀνθρώπους·
414 3236 511 3296 είωθεν
534 3238 579 3295 οὐν
600 3240 688 3303 θείοις
710 3238 817 3319 ἀνδράσι
839 3238 964 3305 πολλάκις
983 3241 1131 3297 ἀνατιθέναι
1150 3240 1183 3296 τά
1202 3261 1265 3318 συγ-

40 3351 123 3417 p.199
138 3341 287 3420 γράμματα
305 3337 310 3418 Ι
329 3341 434 3396 ἑαυτοῦ·
445 3337 471 3395 ἐν
490 3339 539 3414 μὲν
553 3343 589 3416 τῷ
605 3336 739 3417 Φαίδρῳ
754 3345 791 3416 τῷ
804 3339 956 3417 Πυθαγόρᾳ,
969 3338 996 3396 έν
1012 3337 1040 3395 δέ
1054 3345 1094 3413 τῳ
1108 3335 1263 3418 Χαρμίδῃ

138 3436 286 3513 Ζαμόλξιδι
305 3444 380 3519 σοφῷ
397 3459 459 3507 τινι,
480 3436 506 3494 έν
527 3434 555 3492 δὲ
573 3442 610 3514 τῷ
628 3437 757 3511 Τιμαίῳ
775 3437 821 3493 τὸν
836 3435 1008 3495 ’Δτλαντικὸν
1024 3435 1107 3516 λόγον
1121 3438 1263 3508 ἀνατίθησι

75 3547 107 3598 25
138 3544 199 3601 τοῖς
218 3536 383 3616 Αἰγυπτίοις·
404 3537 448 3592 καί
467 3535 577 3592 ἐνταῦθα
597 3533 644 3592 οὐν
660 3535 691 3591 τί
709 3537 769 3614 περὶ
788 3541 843 3591 τῶν
860 3536 951 3614 λόγων
969 3536 1072 3616 εὕρεμα
1090 3542 1129 3611 τῷ
1144 3534 1261 3611 δεσπότῃ

139 3633 225 3716 Ἐρμῇ
246 3635 409 3708 ἀνατίθησιν,
432 3633 521 3692 οὐκέτι
540 3634 577 3698 είς
597 3633 697 3714 σοφούς
717 3631 824 3713 ἀνδρας,
841 3631 908 3689 ἀλλά
922 3634 1016 3707 θεοὺς,
1032 3633 1078 3710 καί
1094 3656 1174 3715 φησιν
1192 3634 1262 3690 θ’τιθ

139 3729 270 3806 δεσπότης
284 3733 383 3813 Ἐρμῆς
396 3733 462 3812 πρὸς
475 3729 594 3796 πολλοῖς
610 3738 667 3796 τοῖς
682 3729 772 3794 ἀλλοις
787 3730 832 3786 καί
847 3732 965 3802 τὴντῶν
980 3732 1150 3812 γραμμάτων
1165 3733 1264 3813 τέχνην

140 3829 300 3898 κατέδειξεν.

170 4070 199 4120 21
218 4068 302 4132 δορὴ.
314 4068 364 4117 ’216
378 4071 402 4117 Α
414 4067 447 4127 M)
512 4068 542 4117 23
560 4027 683 4135 Φάίδρῳι
698 4066 765 4118 nihil
780 4068 815 4116 de
831 4067 988 4131 Pythagora
1001 4067 1028 4117 in
1046 4067 1177 4130 Phoedro,
1194 4067 1262 4118 nihil

140 4141 168 4191 in
186 4139 327 4189 Ρίιαιίοιια
390 4138 506 4189 ΟΙιαινιι.
523 4139 604 4189 1561)
667 4138 697 4187 21
719 4138 788 4189 Tim.
803 4137 868 4188 210

172 4283 220 4334 ΝΟ
238 4284 250 4332 l
269 4281 370 4341 οὐκοῦν,
390 4302 419 4333 ου
409 4280 506 4331 rubr
522 4283 546 4330 Α
610 4280 678 4339 sto,
694 4275 794 4330 trubr.
812 4281 835 4327 Α
900 4277 931 4342 δη
945 4291 1000 4328 om
1015 4273 1044 4326 M
1109 4277 1219 4328 θδέδεῑ
1233 4270 1261 4325 Μ

201 4354 359 4421 ἀχρήσεται
381 4353 409 4402 Μ
473 4355 517 4403 τοῦ
540 4350 692 4418 συγγράφειν
716 4353 741 4401 Α
804 4351 852 4399 9·
839 4350 904 4413 τότε]
924 4353 983 4400 πότε
1003 4346 1031 4398 Μ
1096 4347 1128 4397 10
1144 4345 1217 4407 οίσθ
1238 4342 1263 4398 οἶ

140 4427 214 4477 rubr
234 4429 258 4476 Α
322 4424 353 4475 12
375 4429 395 4475 ἑ
388 4426 510 4491 χαρίσαιτο
531 4422 559 4471 Μ
628 4419 658 4472 13
681 4418 815 4509 χρῆσθαι]
820 4421 962 4488 χρησασθαι
982 4419 1012 4468 Μ
1081 4419 1145 4469 15
1133 4418 1222 4481 ακοήν,
1248 4420 1263 4469 ἀ

140 4497 214 4547 rubr.
233 4500 256 4546 Α
321 4491 351 4544 16
367 4444 456 4558 λέγων]
471 4496 536 4557 λέγω
556 4492 585 4541 Μ
650 4492 679 4541 17
697 4488 770 4555 σύγ’
791 4488 861 4550 σίδας
881 4490 1004 4556 scripsi.
1025 4484 1211 4548 σύνοιδαςΑ·
1232 4508 1263 4539 συ

140 4564 211 4627 σίδας
222 4562 277 4618 ΕΜ·
338 4567 368 4615 23
387 4562 502 4630 Φαίδρῳ]
518 4563 641 4630 Φαίδρονι
656 4562 695 4612 Ε
713 4561 825 4613 Φαίδωνι
836 4561 864 4610 Μ
929 4570 963 4612 τῶ
979 4564 1042 4611 ante
1056 4560 1194 4629 Πυθαγόρα
1208 4572 1263 4609 om

141 4638 169 4689 M
235 4636 265 4687 24
284 4634 462 4699 ΖαλμόξιδιΕ
525 4631 668 4702 ἳόεὐρημα
689 4633 716 4683 Μ
