3150 5504
366 482 421 537 Eli:
442 488 503 537 TON
525 486 702 539 ΠΛΑΤΩΝΟΣ
722 490 864 541 <limpor
889 489 1012 543 2x02lll
1217 503 1248 553 95

27 642 93 708 [1091
130 641 273 713 μαντικήν·
297 637 364 717 ’όπερ
389 636 474 714 ’όνομα
499 637 542 719 [τὸ
564 648 614 711 τῆς
640 638 750 720 μανίας]
775 634 950 715 ἐμπλέξαντες
972 642 1009 707 εἰς
1029 642 1059 698 τὸ
1081 651 1130 714 τῆς
1149 643 1252 723 τέχνηρ

125 734 211 813 ’όνομα
241 739 380 812 μανικὴν
407 738 457 807 την
490 737 591 819 τέχνην
623 735 761 795 ἐκοίλεσαν·
791 741 817 794 οἰ
848 738 991 817 [παλαιοί]
1026 738 1055 797 δέ
1086 742 1247 820 μεταγενέσ-
1308 726 1310 732 ¹

125 859 197 916 τεροι
226 837 276 893 ὑπὸ
305 834 496 916 ἀπειροκαλίας
523 838 687 916 προσέθεσαν
706 838 736 894 τὸ
753 827 775 893 ἶ
793 846 937 918 στοιχεῖον,
961 834 1124 919 ρόόηθέντες
1147 840 1176 895 τὸ
1197 848 1247 911 τῆς

127 936 222 1010 μανίας
244 933 339 1008 ὄνομα.
366 936 415 991 Καὶ
440 934 541 1015 κυρίως
562 941 600 1009 τῷ
622 935 854 1015 ἀπειροκάλως
883 936 1028 1017 ἐχρήσατο
1055 937 1118 994 αὐτὸ
1143 939 1194 1017 γὰρ
1218 938 1248 994 τὸ

77 1037 92 1084 5
124 1034 209 1090 καλὸν
224 1032 331 1113 ἔχοντες
348 1031 436 1108 ’όνομα
449 1035 480 1090 τὸ
494 1042 542 1104 τῆς
556 1036 667 1109 μανίας,
686 1036 791 1114 ἀπειρία
804 1041 851 1092 τού
866 1035 953 1093 καλοῦ
965 1036 1105 1115 ἠγνόησαν
1118 1036 1148 1092 τὸ
1162 1036 1248 1093 καλὸν

125 1137 172 1188 τοῦ
193 1131 339 1206 ὀνόματος.
357 1129 417 1187 ’Ότι
433 1130 461 1188 δὲ
481 1134 506 1188 οί
525 1129 637 1188 παλαιοί
652 1135 701 1203 τὴν
715 1134 796 1189 Ξείαν
813 1136 941 1208 μαντικὴν
959 1136 1101 1208 μανικὴν
1121 1133 1247 1211 έκοίλουν,

124 1233 169 1288 καί
188 1230 217 1287 έκ
235 1236 283 1288 τού
302 1232 488 1305 ἀντικειμένου
503 1229 589 1302 δῆλον
606 1232 721 1310 γίνεται·
739 1234 797 1302 τήν
817 1233 868 1312 γὰρ
886 1238 949 1288 τῶν
969 1232 1154 1313 ἐμφρόνων,
1171 1236 1247 1315 ρησί,

126 1333 263 1402 ζήτησιν
278 1335 334 1385 τοῦ
350 1329 542 1404 μέλλοντος,
559 1331 680 1387 τουτέστι
696 1332 746 1401 την
760 1331 933 1409 ἀνθρωπίνην
949 1339 1037 1388 πᾶσαν
1054 1336 1183 1406 μαντικὴν
1198 1335 1248 1405 τὴν

125 1430 318 1509 στοχαστικην,
343 1428 404 1498 ἥτις
428 1429 496 1484 κατά
518 1431 566 1498 τὴν
588 1429 722 1507 ἡμετέραν
748 1429 877 1508 φρόνησιν
898 1433 979 1503 ἡμῶν
1005 1430 1181 1509 ἐνεργούντων
1202 1432 1248 1487 καί

60 1534 92 1590 1ο
125 1528 277 1598 ζητούντων
298 1526 402 1605 γίνεται
424 1526 489 1605 (οἶαί
513 1527 576 1583 εἰσιν
599 1528 676 1582 αὗται
696 1529 724 1582 αἰ
745 1524 787 1582 διὰ
807 1528 964 1602 σημείων,
982 1528 1019 1593 ὡς
1040 1528 1246 1608 ἀστεροσκοπία,

124 1624 307 1681 οίωνοσκοπία
320 1628 338 1695 ἡ
352 1631 398 1681 νῦν
414 1624 564 1703 λεγομένη,
580 1628 597 1696 ἡ
614 1623 657 1681 διὰ
670 1630 725 1680 τῶν
739 1625 846 1682 οἰωνῶν
859 1627 903 1682 καί
918 1624 1028 1706 όρνεων,
1046 1625 1246 1707 σπλαγχνοσκο-

124 1723 185 1800 πία,
207 1719 374 1798 συμόολικὴ,
395 1725 439 1779 καί
458 1725 486 1779 αἰ
507 1723 625 1800 ὅμοιαι),
645 1721 738 1794 ἐπειδὴ
755 1723 853 1780 ἐκτῶν
870 1730 952 1804 τριῶν
966 1725 1069 1782 τούτων
1085 1728 1247 1805 συνεκροτη-
1266 1722 1269 1726 ”

124 1827 221 1894 θησαν,
238 1823 391 1893 οἰήσεως,
416 1827 482 1895 νοῦ,
504 1821 650 1901 ίστορίας
667 1818 773 1903 ίέχουσι
788 1824 882 1902 γὰρτὸ
900 1823 948 1897 μέν
961 1846 987 1880 τι
1003 1824 1032 1880 ἐκ
1045 1833 1095 1896 τῆς
1111 1828 1248 1905 ἡμετέρας

124 1921 265 1991 οἰήσεως
282 1922 327 1976 καί
344 1927 515 2001 στοχασμοῦ,
534 1921 604 1999 παρὸ
623 1922 667 1976 καί
684 1921 829 2001 ἀποσυχίαι
844 1923 962 1999 γίνονται
976 1920 1121 1995 πολλάκις,
1136 1926 1166 1980 τὸ
1183 1922 1210 1980 δέ
1223 1947 1249 1980 τι

61 2027 91 2078 15
124 2018 239 2075 ἀπὸτοῦ
256 2024 313 2090 νοῦ,
330 2016 461 2075 ἀδύνατον
476 2019 527 2098 γάρ
543 2017 605 2076 ἀνευ
617 2024 664 2076 τοῦ
678 2017 799 2075 καθόλου
813 2019 910 2099 τέχνην
926 2029 1066 2093 συστῆναι,
1082 2021 1112 2077 τό
1125 2019 1153 2079 δέ
1165 2044 1190 2078 τι
1204 2024 1250 2078 καί

124 2116 177 2173 ἀπὸ
199 2116 349 2196 ἰστορίας
374 2115 478 2197 έχουσι,
498 2118 618 2173 τουτέστι
638 2117 746 2197 πείρας,
770 2117 860 2198 ὥσπερ
880 2115 912 2189 δύ,
935 2120 979 2174 καί
1000 2124 1122 2175 ποιούσιν
1143 2121 1168 2175 oi
1188 2112 1246 2198 τάςΙ
1280 2139 1282 2142 ⁴

16 2234 41 2283 p.
55 2218 104 2269 110
123 2215 217 2294 πείρας
226 2214 449 2294 ἀναγράψαντες),
467 2215 499 2271 τδι
514 2215 574 2294 τρία
585 2221 669 2272 ταῦτα
682 2218 709 2272 οί
724 2213 835 2272 παλαιοί
850 2217 970 2290 ὀνόματα
985 2215 1099 2289 οίήσιν
1112 2218 1157 2273 καί
1176 2224 1249 2274 νοῡν

124 2315 168 2368 καί
187 2314 336 2392 ἰστορίαν
356 2313 517 2377 ἐντείνοντες
537 2314 574 2378 εἰς
593 2315 622 2370 ἓν
642 2311 742 2388 ὄνομα,
766 2314 995 2386 οἰονοϊστικην
1010 2315 1094 2387 alell
1111 2316 1249 2395 προσηγό-

123 2432 230 2489 ρευσαν,
247 2418 332 2467 πᾶσαν
352 2415 535 2492 στοχαστικὴν
553 2414 599 2468 καί
619 2413 789 2491 ἀνθρωπικήν
808 2401 906 2493 τέγνην
929 2414 1159 2483 οίονοϊστικήν
1180 2436 1249 2493 προ-

59 2517 92 2567 20
124 2512 347 2590 σαγορεύσαντες,
366 2511 419 2566 ἀπὸ
440 2511 488 2585 μὲν
506 2516 553 2567 τοῦ
570 2499 616 2567 ὦ
633 2513 684 2582 τὴν
698 2509 790 2582 οίήσιν
810 2509 967 2584 δηλοῦντες,
986 2512 1038 2567 ἀπὸ
1055 2509 1083 2567 δὲ
1097 2518 1143 2568 τοῦ
1155 2501 1189 2568 νο
1203 2514 1249 2568 τὸν

122 2614 193 2681 νυύν,
208 2610 260 2665 ἀπὸ
275 2607 303 2666 δέ
317 2614 364 2665 τού
382 2597 491 2681 ιστ-υἷμ.
499 2611 550 2680 τήν
565 2611 685 2688 ίστορίαν
700 2609 892 2684 σημαίνοντες·
909 2610 1006 2680 ἥντινα
1021 2611 1250 2680 οίονο·ι’στικι“,ν

122 2709 151 2765 τό
176 2695 200 2764 δ’
217 2703 435 2783 μεταόαίλλοντες
459 2710 497 2772 είς
522 2709 552 2763 τὸ
572 2695 611 2781 ω,
639 2709 675 2773 ὡς
700 2708 740 2772 εἰς
770 2707 990 2787 όγκοειδέστερον
1013 2708 1058 2765 καί
1085 2708 1250 2788 μακρότερον

123 2813 260 2887 στοιχεῖον
291 2809 335 2862 καί
366 2806 639 2887 μεγαλορωνότερον,
673 2807 888 2877 οἰωνιστικήν
914 2807 1136 2886 προσηγόρευσαν
1164 2813 1251 2863 πᾶσαν

122 2906 291 2986 ἀνθρωπίνην
311 2907 355 2962 καί
377 2908 558 2987 στοχαστικήν
580 2904 717 2981 μαντείαν.
736 2903 782 2961 Ἐκ
804 2903 837 2975 δὴ
860 2913 911 2977 τῆς
929 2912 984 2962 τῶν
1003 2903 1129 2962 παλαιῶν
1148 2925 1249 2983 μαρτυ-

58 3012 89 3062 25
122 3006 180 3085 ρίας
193 3006 314 3080 τοσούτῳ
329 3005 397 3062 ἐστιν
411 3005 573 3084 ύπερτέροιί,
591 3005 676 3079 μανία
689 3008 706 3075 ἡ
723 3002 753 3060 έκ
767 3010 841 3062 Βοῶν
858 3002 987 3080 διδομένη
1008 3013 1058 3075 τῆς
1079 3005 1248 3082 ἀνθρωπικῆς

122 3105 297 3185 σωφροσύνης
320 3106 365 3160 καί
393 3111 574 3184 στοχαστικῆς
601 3104 738 3178 μαντείας,
765 3103 820 3173 όσῳ
846 3103 900 3159 ἐστί
925 3104 970 3159 καί
995 3103 1030 3159 τό
1059 3101 1165 3177 ὄνομα
1192 3108 1248 3158 τοῦ
1289 3110 1293 3125 ‘

122 3204 285 3279 ὀνόματος
306 3205 451 3282 ὑπέρτερον
470 3205 569 3273 τὸτῆς
591 3210 724 3277 μαντικῆς
739 3207 868 3274 <τού>
887 3211 936 3272 τῆς
957 3202 1138 3278 οἰωνιστικῆς,
1154 3202 1199 3256 καί
1217 3203 1248 3259 τὸ

122 3300 215 3383 έργον
228 3304 258 3358 τὸ
277 3302 306 3359 ἐκ
323 3311 373 3373 τῆς
395 3302 492 3377 μανίας
515 3299 734 3375 ἀποτελούμενον
756 3306 804 3357 τοῦ
827 3296 925 3380 ’έργου
945 3306 993 3356 τοῦ
1018 3299 1048 3356 ἐκ
1069 3309 1119 3371 τῆς
1143 3301 1249 3357 οίωνισ·

120 3411 197 3474 τικῆς
220 3401 408 3481 ἐγγινομένου.
431 3436 469 3444 -
493 3400 645 3476 θαυμάσειε
668 3398 691 3456 δ’
713 3398 743 3455 ἀν
764 3422 805 3465 τις
829 3406 876 3455 τοῦ
898 3397 1048 3479 ριλοσόρου
1072 3402 1121 3469 την
1145 3398 1248 3477 εύγνω·

57 3505 89 3554 30
123 3501 253 3577 μοσύνην,
274 3500 348 3564 όπως
372 3498 447 3556 οὐδὲν
466 3497 551 3556 πλέον
569 3498 596 3555 έν
618 3505 675 3563 τοῖς
698 3499 908 3576 συμπεράσμασι
931 3492 1075 3573 λαμόάνει,
1099 3496 1163 3554 ἀλλ’
1184 3497 1248 3553 αύτὸ

121 3601 152 3657 τό
174 3599 204 3657 ἐκ
225 3604 279 3656 τῶν
301 3599 530 3676 ὡμολογημένων
551 3598 736 3675 συναγόμενον
758 3595 880 3676 ἄντικρυς
902 3597 971 3666 κατὰ
992 3598 1040 3667 τὴν
1060 3598 1249 3676 γεωμετρικὴν

122 3699 306 3771 δικαιοσύνην.

95 3953 97 3957 >
152 3921 167 3970 4
182 3922 275 3987 κυρίως
289 3944 320 3954 -
334 3917 350 3968 θ
365 3911 488 3979 δνόματος
502 3937 532 3956 =
547 3912 633 3965 schol.
646 3911 692 3961 241
705 3910 726 3961 C
741 3915 777 3977 (p.
793 3911 840 3962 270
856 3910 962 3972 Herm.)

153 4045 200 4098 Nc
220 4042 235 4095 1
255 4047 283 4096 τὸ
304 4071 336 4081 -
355 4045 443 4107 μανίας
467 4040 569 4091 seclusi
632 4042 668 4098 εἰς
692 4038 767 4102 prius
790 4038 923 4088 omissum
987 4038 1124 4089 2πα>αιοὶ
1147 4033 1250 4088 seclusi

184 4120 198 4168 3
220 4119 401 4183 ἀπειροκακίας
425 4115 453 4163 Μ
471 4113 537 4177 (jam
561 4116 719 4162 correxerat
740 4113 809 4171 Asr)
872 4112 887 4160 l
909 4112 1018 4176 ἀπείρως
1041 4110 1080 4158 Μ.
1101 4108 1167 4172 (jam
1189 4119 1249 4157 cor-

123 4198 231 4243 rexerat
246 4192 312 4251 AST)
378 4185 448 4251 σύτο]
466 4187 543 4237 αὑτοῦ
560 4184 646 4234 schol.
710 4181 971 4247 ὅτδκαλίινῙκαλῶς
989 4181 1075 4231 schol.
1140 4178 1248 4246 ἔχοντες]

122 4265 223 4330 ἔχοντος
241 4261 326 4311 schol.
392 4259 472 4321 όνομσ
489 4256 527 4322 τό]
546 4260 589 4307 τοῦ
608 4258 730 4318 ὀνόματος
747 4254 832 4304 schol.
898 4251 985 4316 7τοῦ]
1000 4249 1089 4302 τούτου
1108 4251 1135 4299 Μ
1202 4253 1250 4312 ὀμ-

121 4340 218 4403 φρόνων
240 4337 298 4382 Αετ
314 4345 406 4382 errore
426 4330 576 4391 typothelm
638 4326 670 4376 10
687 4327 758 4376 αύτσιί
777 4326 837 4374 libri
903 4326 1077 4389 ἀστροσκοπία
1092 4322 1121 4371 M
1186 4321 1249 4382 1Ιὴ

124 4414 187 4458 aule
206 4407 247 4458 όιά
266 4419 318 4455 om.
340 4404 368 4453 M
435 4402 527 4467 ὀρνέων
545 4398 608 4449 libri
671 4396 701 4447 17
721 4400 804 4460 οἴησιν
824 4400 882 4447 νοῦν
904 4395 931 4444 Μ
996 4395 1027 4444 20
1047 4393 1100 4458 μὲν]
1117 4396 1199 4457 μέντοι
1220 4392 1248 4442 Μ

185 4479 214 4528 23
232 4474 389 4540 ωωνιστικὴν
405 4477 429 4524 Α
492 4471 524 4520 25
540 4468 663 4537 τοσούτῳ]
678 4464 805 4520 τοσούτων
821 4468 850 4517 Μ
867 4468 933 4531 (jam
948 4472 1104 4516 correxerat
1119 4465 1187 4529 Asr')

123 4550 153 4600 27
169 4557 213 4604 τοῦ
228 4549 322 4601 addidi
