<?xml version="1.0" encoding="UTF-8"?>
<!DOCTYPE html PUBLIC "-//W3C//DTD XHTML 1.0 Transitional//EN"
    "http://www.w3.org/TR/xhtml1/DTD/xhtml1-transitional.dtd">
<html xmlns="http://www.w3.org/1999/xhtml" xml:lang="en" lang="en">
 <head>
  <title>
</title>
<meta http-equiv="Content-Type" content="text/html;charset=utf-8" />
  <meta name='ocr-system' content='tesseract 3.04.00' />
  <meta name='ocr-capabilities' content='ocr_page ocr_carea ocr_par ocr_line ocrx_word'/>
</head>
<body>
  <div class='ocr_page' id='page_1' title='image "./hermiaealexandr00alexgoog_0145.png"; bbox 0 0 3150 5504; ppageno 0'>
   <div class='ocr_carea' id='block_1_1' title="bbox 230 471 1417 708">
    <p class='ocr_par' dir='ltr' id='par_1_1' title="bbox 230 471 1417 708">
     <span class='ocr_line' id='line_1_1' title="bbox 328 471 1065 526; baseline 0.005 -8"><span class='ocrx_word' id='word_1_1' title='bbox 328 474 359 526; x_wconf 87' lang='grc'>96</span> <span class='ocrx_word' id='word_1_2' title='bbox 621 497 629 502; x_wconf 87' lang='grc'>·</span> <span class='ocrx_word' id='word_1_3' title='bbox 708 471 848 522; x_wconf 81' lang='grc' dir='ltr'>ΕΡΜΕΙΟΥ</span> <span class='ocrx_word' id='word_1_4' title='bbox 870 471 1065 523; x_wconf 60' lang='grc' dir='ltr'>ΦΙΛΟΣΟΦΟΥ</span> 
     </span>
     <span class='ocr_line' id='line_1_2' title="bbox 230 618 1417 708; baseline 0.007 -31"><span class='ocrx_word' id='word_1_5' title='bbox 230 630 296 697; x_wconf 85' lang='grc'>[110]</span> <span class='ocrx_word' id='word_1_6' title='bbox 369 618 406 700; x_wconf 71' lang='grc' dir='ltr'>γ’.</span> <span class='ocrx_word' id='word_1_7' title='bbox 430 621 522 679; x_wconf 83' lang='grc' dir='ltr'>Ἀλλά</span> <span class='ocrx_word' id='word_1_8' title='bbox 545 625 609 697; x_wconf 74' lang='grc' dir='ltr'>μὴν</span> <span class='ocrx_word' id='word_1_9' title='bbox 630 624 733 681; x_wconf 89' lang='grc' dir='ltr'>νόσων</span> <span class='ocrx_word' id='word_1_10' title='bbox 754 647 789 702; x_wconf 86' lang='grc' dir='ltr'>γε</span> <span class='ocrx_word' id='word_1_11' title='bbox 811 626 865 681; x_wconf 86' lang='grc' dir='ltr'>καί</span> <span class='ocrx_word' id='word_1_12' title='bbox 883 627 992 682; x_wconf 87' lang='grc' dir='ltr'>πόνων</span> <span class='ocrx_word' id='word_1_13' title='bbox 1011 632 1075 683; x_wconf 89' lang='grc' dir='ltr'>τῶν</span> <span class='ocrx_word' id='word_1_14' title='bbox 1099 625 1275 708; x_wconf 78' lang='grc' dir='ltr'>μεγίστων]</span> <span class='ocrx_word' id='word_1_15' title='bbox 1298 627 1357 685; x_wconf 76' lang='grc'>244</span> <span class='ocrx_word' id='word_1_16' title='bbox 1379 627 1417 690; x_wconf 86' lang='lat' dir='ltr'>D.</span> 
     </span>
    </p>
   </div>
   <div class='ocr_carea' id='block_1_2' title="bbox 220 763 1449 4094">
    <p class='ocr_par' dir='ltr' id='par_1_2' title="bbox 326 763 1449 1046">
     <span class='ocr_line' id='line_1_3' title="bbox 367 763 1448 853; baseline 0.001 -29"><span class='ocrx_word' id='word_1_17' title='bbox 367 763 559 839; x_wconf 83' lang='grc' dir='ltr'>Μεταόέόηκεν</span> <span class='ocrx_word' id='word_1_18' title='bbox 580 768 634 853; x_wconf 78' lang='grc' dir='ltr'>ἀπὸ</span> <span class='ocrx_word' id='word_1_19' title='bbox 658 777 708 840; x_wconf 79' lang='grc' dir='ltr'>τῆς</span> <span class='ocrx_word' id='word_1_20' title='bbox 734 778 865 844; x_wconf 76' lang='grc' dir='ltr'>μαντικῆς</span> <span class='ocrx_word' id='word_1_21' title='bbox 888 769 932 827; x_wconf 82' lang='grc' dir='ltr'>ἐπὶ</span> <span class='ocrx_word' id='word_1_22' title='bbox 959 773 1009 841; x_wconf 79' lang='grc' dir='ltr'>τήν</span> <span class='ocrx_word' id='word_1_23' title='bbox 1034 770 1194 839; x_wconf 76' lang='grc' dir='ltr'>τελεστικὴν</span> <span class='ocrx_word' id='word_1_24' title='bbox 1223 770 1330 846; x_wconf 83' lang='grc' dir='ltr'>μανίαν,</span> <span class='ocrx_word' id='word_1_25' title='bbox 1358 771 1448 841; x_wconf 76' lang='grc' dir='ltr'>ἥντινά</span> 
     </span>
     <span class='ocr_line' id='line_1_4' title="bbox 327 865 1449 947; baseline 0.002 -24"><span class='ocrx_word' id='word_1_26' title='bbox 327 889 406 947; x_wconf 66' lang='grc' dir='ltr'>φησιν</span> <span class='ocrx_word' id='word_1_27' title='bbox 426 865 609 924; x_wconf 73' lang='grc' dir='ltr'>ἀπαλλάττειν</span> <span class='ocrx_word' id='word_1_28' title='bbox 629 874 685 924; x_wconf 88' lang='grc' dir='ltr'>τῶν</span> <span class='ocrx_word' id='word_1_29' title='bbox 706 868 842 947; x_wconf 77' lang='grc' dir='ltr'>μεγίστων</span> <span class='ocrx_word' id='word_1_30' title='bbox 860 875 951 925; x_wconf 91' lang='grc' dir='ltr'>κακῶν</span> <span class='ocrx_word' id='word_1_31' title='bbox 971 870 1082 926; x_wconf 80' lang='grc' dir='ltr'>καὶτὸν</span> <span class='ocrx_word' id='word_1_32' title='bbox 1102 869 1161 926; x_wconf 89' lang='grc' dir='ltr'>καθ’</span> <span class='ocrx_word' id='word_1_33' title='bbox 1179 867 1292 927; x_wconf 85' lang='grc' dir='ltr'>ἐ’καστον</span> <span class='ocrx_word' id='word_1_34' title='bbox 1306 873 1389 944; x_wconf 76' lang='grc' dir='ltr'>ἡμῶν</span> <span class='ocrx_word' id='word_1_35' title='bbox 1406 871 1449 925; x_wconf 82' lang='grc' dir='ltr'>καί</span> 
     </span>
     <span class='ocr_line' id='line_1_5' title="bbox 326 963 1448 1046; baseline 0 -24"><span class='ocrx_word' id='word_1_36' title='bbox 326 965 388 1042; x_wconf 83' lang='grc' dir='ltr'>γένη</span> <span class='ocrx_word' id='word_1_37' title='bbox 406 963 458 1020; x_wconf 83' lang='grc' dir='ltr'>όλα</span> <span class='ocrx_word' id='word_1_38' title='bbox 470 966 516 1021; x_wconf 84' lang='grc' dir='ltr'>καί</span> <span class='ocrx_word' id='word_1_39' title='bbox 528 965 633 1037; x_wconf 90' lang='grc' dir='ltr'>πόλεις,</span> <span class='ocrx_word' id='word_1_40' title='bbox 650 965 686 1022; x_wconf 71' lang='grc' dir='ltr'>ἵν’</span> <span class='ocrx_word' id='word_1_41' title='bbox 702 967 792 1046; x_wconf 81' lang='grc' dir='ltr'>ὥσπερ</span> <span class='ocrx_word' id='word_1_42' title='bbox 806 970 824 1038; x_wconf 72' lang='grc' dir='ltr'>ό,</span> <span class='ocrx_word' id='word_1_43' title='bbox 841 963 916 1023; x_wconf 85' lang='grc' dir='ltr'>ἐνδον</span> <span class='ocrx_word' id='word_1_44' title='bbox 931 965 1073 1037; x_wconf 77' lang='grc' dir='ltr'>τελεστική</span> <span class='ocrx_word' id='word_1_45' title='bbox 1090 967 1186 1024; x_wconf 90' lang='grc' dir='ltr'>τελέαν</span> <span class='ocrx_word' id='word_1_46' title='bbox 1201 970 1283 1042; x_wconf 72' lang='grc' dir='ltr'>ἡμῶν</span> <span class='ocrx_word' id='word_1_47' title='bbox 1298 966 1385 1024; x_wconf 78' lang='grc' dir='ltr'>ἐποίει</span> <span class='ocrx_word' id='word_1_48' title='bbox 1398 969 1448 1037; x_wconf 77' lang='grc' dir='ltr'>τήν</span> 
     </span>
    </p>

    <p class='ocr_par' dir='ltr' id='par_1_3' title="bbox 220 1061 1448 1535">
     <span class='ocr_line' id='line_1_6' title="bbox 279 1061 1448 1144; baseline 0.003 -27"><span class='ocrx_word' id='word_1_49' title='bbox 279 1069 293 1117; x_wconf 84' lang='grc'><strong>5</strong></span> <span class='ocrx_word' id='word_1_50' title='bbox 326 1064 417 1144; x_wconf 69' lang='grc' dir='ltr'>ψυχὴν</span> <span class='ocrx_word' id='word_1_51' title='bbox 432 1064 478 1119; x_wconf 86' lang='grc' dir='ltr'>καί</span> <span class='ocrx_word' id='word_1_52' title='bbox 491 1061 658 1144; x_wconf 84' lang='grc' dir='ltr'>ὁλόκληρον,</span> <span class='ocrx_word' id='word_1_53' title='bbox 671 1064 741 1122; x_wconf 81' lang='grc' dir='ltr'>ὥστε</span> <span class='ocrx_word' id='word_1_54' title='bbox 755 1066 824 1121; x_wconf 86' lang='grc' dir='ltr'>κατά</span> <span class='ocrx_word' id='word_1_55' title='bbox 838 1064 923 1130; x_wconf 87' lang='grc' dir='ltr'>πάσας</span> <span class='ocrx_word' id='word_1_56' title='bbox 937 1066 984 1128; x_wconf 83' lang='grc' dir='ltr'>τάς</span> <span class='ocrx_word' id='word_1_57' title='bbox 999 1062 1126 1139; x_wconf 80' lang='grc' dir='ltr'>δυνάμεις</span> <span class='ocrx_word' id='word_1_58' title='bbox 1141 1065 1225 1135; x_wconf 73' lang='grc' dir='ltr'>αὐτὴν</span> <span class='ocrx_word' id='word_1_59' title='bbox 1238 1065 1364 1144; x_wconf 76' lang='grc' dir='ltr'>ἐνεργεῖν,</span> <span class='ocrx_word' id='word_1_60' title='bbox 1376 1066 1448 1121; x_wconf 84' lang='grc' dir='ltr'>ούτω</span> 
     </span>
     <span class='ocr_line' id='line_1_7' title="bbox 326 1156 1447 1243; baseline 0.001 -27"><span class='ocrx_word' id='word_1_61' title='bbox 326 1158 358 1230; x_wconf 76' lang='grc' dir='ltr'>δὴ</span> <span class='ocrx_word' id='word_1_62' title='bbox 373 1162 419 1216; x_wconf 83' lang='grc' dir='ltr'>καί</span> <span class='ocrx_word' id='word_1_63' title='bbox 435 1165 453 1232; x_wconf 70' lang='grc' dir='ltr'>τ’,</span> <span class='ocrx_word' id='word_1_64' title='bbox 469 1156 520 1227; x_wconf 85' lang='grc' dir='ltr'>ἐξω</span> <span class='ocrx_word' id='word_1_65' title='bbox 535 1159 688 1233; x_wconf 76' lang='grc' dir='ltr'>τελεστική,</span> <span class='ocrx_word' id='word_1_66' title='bbox 705 1160 918 1219; x_wconf 83' lang='grc' dir='ltr'>ἀπαλλάττουσα</span> <span class='ocrx_word' id='word_1_67' title='bbox 932 1164 1014 1237; x_wconf 70' lang='grc' dir='ltr'>ἡμῶν</span> <span class='ocrx_word' id='word_1_68' title='bbox 1028 1163 1078 1233; x_wconf 80' lang='grc' dir='ltr'>τὴν</span> <span class='ocrx_word' id='word_1_69' title='bbox 1093 1164 1186 1243; x_wconf 71' lang='grc' dir='ltr'>ψυχὴν</span> <span class='ocrx_word' id='word_1_70' title='bbox 1200 1163 1246 1218; x_wconf 82' lang='grc' dir='ltr'>καί</span> <span class='ocrx_word' id='word_1_71' title='bbox 1262 1164 1293 1219; x_wconf 86' lang='grc' dir='ltr'>τὸ</span> <span class='ocrx_word' id='word_1_72' title='bbox 1309 1169 1390 1236; x_wconf 86' lang='grc' dir='ltr'>σῶμα</span> <span class='ocrx_word' id='word_1_73' title='bbox 1403 1162 1447 1218; x_wconf 84' lang='grc' dir='ltr'>καὶ</span> 
     </span>
     <span class='ocr_line' id='line_1_8' title="bbox 220 1254 1447 1340; baseline 0.001 -26"><span class='ocrx_word' id='word_1_74' title='bbox 220 1254 309 1304; x_wconf 55' lang='lat'>1⁰44?</span> <span class='ocrx_word' id='word_1_75' title='bbox 324 1258 358 1315; x_wconf 80' lang='grc' dir='ltr'>τά</span> <span class='ocrx_word' id='word_1_76' title='bbox 376 1257 453 1323; x_wconf 88' lang='grc' dir='ltr'>ἐκτὸς</span> <span class='ocrx_word' id='word_1_77' title='bbox 471 1264 528 1315; x_wconf 91' lang='grc' dir='ltr'>τῶν</span> <span class='ocrx_word' id='word_1_78' title='bbox 546 1258 735 1340; x_wconf 66' lang='grc' dir='ltr'>ἐνοχλούντων</span> <span class='ocrx_word' id='word_1_79' title='bbox 755 1259 759 1339; x_wconf 80' lang='grc' dir='ltr'>Ι</span> <span class='ocrx_word' id='word_1_80' title='bbox 779 1257 919 1340; x_wconf 78' lang='grc' dir='ltr'>δυσχερῶν</span> <span class='ocrx_word' id='word_1_81' title='bbox 941 1258 1046 1339; x_wconf 82' lang='grc' dir='ltr'>εύροιαν</span> <span class='ocrx_word' id='word_1_82' title='bbox 1065 1260 1191 1335; x_wconf 70' lang='grc' dir='ltr'>ἡμῖνκαὶ</span> <span class='ocrx_word' id='word_1_83' title='bbox 1209 1259 1381 1335; x_wconf 68' lang='grc' dir='ltr'>εὐδαιμονίαν</span> <span class='ocrx_word' id='word_1_84' title='bbox 1396 1282 1447 1315; x_wconf 91' lang='grc' dir='ltr'>πα-</span> 
     </span>
     <span class='ocr_line' id='line_1_9' title="bbox 325 1355 1448 1438; baseline 0.001 -25"><span class='ocrx_word' id='word_1_85' title='bbox 325 1357 473 1436; x_wconf 81' lang='grc' dir='ltr'>ρασκευάσῃ</span> <span class='ocrx_word' id='word_1_86' title='bbox 495 1357 565 1414; x_wconf 83' lang='grc' dir='ltr'>κατά</span> <span class='ocrx_word' id='word_1_87' title='bbox 585 1358 631 1414; x_wconf 84' lang='grc' dir='ltr'>τὸν</span> <span class='ocrx_word' id='word_1_88' title='bbox 656 1357 728 1435; x_wconf 86' lang='grc' dir='ltr'>βίον.</span> <span class='ocrx_word' id='word_1_89' title='bbox 750 1392 789 1401; x_wconf 97' lang='grc'>-</span> <span class='ocrx_word' id='word_1_90' title='bbox 810 1355 896 1415; x_wconf 79' lang='grc' dir='ltr'>Ἀλλά</span> <span class='ocrx_word' id='word_1_91' title='bbox 917 1363 976 1422; x_wconf 87' lang='grc' dir='ltr'>πῶς</span> <span class='ocrx_word' id='word_1_92' title='bbox 999 1357 1083 1436; x_wconf 87' lang='grc' dir='ltr'>λόγον</span> <span class='ocrx_word' id='word_1_93' title='bbox 1104 1355 1162 1438; x_wconf 79' lang='grc' dir='ltr'>ἔχει</span> <span class='ocrx_word' id='word_1_94' title='bbox 1182 1360 1213 1416; x_wconf 86' lang='grc' dir='ltr'>τὸ</span> <span class='ocrx_word' id='word_1_95' title='bbox 1236 1359 1363 1436; x_wconf 79' lang='grc' dir='ltr'>ἐκγόνους</span> <span class='ocrx_word' id='word_1_96' title='bbox 1384 1359 1448 1437; x_wconf 76' lang='grc' dir='ltr'>ὑπὲρ</span> 
     </span>
     <span class='ocr_line' id='line_1_10' title="bbox 324 1452 1446 1535; baseline 0 -23"><span class='ocrx_word' id='word_1_97' title='bbox 324 1455 466 1535; x_wconf 90' lang='grc' dir='ltr'>προγόνων</span> <span class='ocrx_word' id='word_1_98' title='bbox 481 1454 553 1521; x_wconf 80' lang='grc' dir='ltr'>δίκας</span> <span class='ocrx_word' id='word_1_99' title='bbox 568 1455 683 1530; x_wconf 72' lang='grc' dir='ltr'>διδόντας</span> <span class='ocrx_word' id='word_1_100' title='bbox 700 1456 719 1526; x_wconf 69' lang='grc' dir='ltr'><strong>ἢ</strong></span> <span class='ocrx_word' id='word_1_101' title='bbox 735 1455 853 1531; x_wconf 83' lang='grc' dir='ltr'>μάλιστα</span> <span class='ocrx_word' id='word_1_102' title='bbox 870 1456 918 1530; x_wconf 80' lang='grc' dir='ltr'>μέν</span> <span class='ocrx_word' id='word_1_103' title='bbox 930 1458 975 1512; x_wconf 81' lang='grc' dir='ltr'>καί</span> <span class='ocrx_word' id='word_1_104' title='bbox 988 1452 1139 1522; x_wconf 69' lang='grc' dir='ltr'>διεδέξαντο</span> <span class='ocrx_word' id='word_1_105' title='bbox 1152 1458 1198 1522; x_wconf 84' lang='grc' dir='ltr'>τάς</span> <span class='ocrx_word' id='word_1_106' title='bbox 1210 1456 1318 1514; x_wconf 84' lang='grc' dir='ltr'>ἐκείνων</span> <span class='ocrx_word' id='word_1_107' title='bbox 1331 1459 1446 1528; x_wconf 70' lang='grc' dir='ltr'>κτήσεις,</span> 
     </span>
    </p>

    <p class='ocr_par' dir='ltr' id='par_1_4' title="bbox 261 1546 1448 1928">
     <span class='ocr_line' id='line_1_11' title="bbox 261 1546 1448 1636; baseline 0 -27"><span class='ocrx_word' id='word_1_108' title='bbox 261 1553 292 1603; x_wconf 86' lang='grc'>10</span> <span class='ocrx_word' id='word_1_109' title='bbox 323 1556 368 1610; x_wconf 90' lang='grc' dir='ltr'>καί</span> <span class='ocrx_word' id='word_1_110' title='bbox 385 1555 485 1635; x_wconf 83' lang='grc' dir='ltr'>χρυσόν</span> <span class='ocrx_word' id='word_1_111' title='bbox 503 1556 548 1610; x_wconf 86' lang='grc' dir='ltr'>καί</span> <span class='ocrx_word' id='word_1_112' title='bbox 568 1546 703 1634; x_wconf 71' lang='grc' dir='ltr'>ἄργυρον,</span> <span class='ocrx_word' id='word_1_113' title='bbox 718 1549 745 1621; x_wconf 87' lang='grc' dir='ltr'>ἐξ</span> <span class='ocrx_word' id='word_1_114' title='bbox 762 1553 872 1611; x_wconf 79' lang='grc' dir='ltr'>ἀδικιῶν</span> <span class='ocrx_word' id='word_1_115' title='bbox 891 1555 1028 1620; x_wconf 90' lang='grc' dir='ltr'>πολλάκις</span> <span class='ocrx_word' id='word_1_116' title='bbox 1048 1554 1239 1636; x_wconf 75' lang='grc' dir='ltr'>συναχθείσαις,</span> <span class='ocrx_word' id='word_1_117' title='bbox 1255 1557 1270 1611; x_wconf 87' lang='grc' dir='ltr'>δ</span> <span class='ocrx_word' id='word_1_118' title='bbox 1289 1555 1335 1610; x_wconf 88' lang='grc' dir='ltr'>καὶ</span> <span class='ocrx_word' id='word_1_119' title='bbox 1356 1554 1448 1610; x_wconf 85' lang='grc' dir='ltr'>ἰκανὸν</span> 
     </span>
     <span class='ocr_line' id='line_1_12' title="bbox 324 1651 1447 1736; baseline -0.003 -27"><span class='ocrx_word' id='word_1_120' title='bbox 324 1653 417 1716; x_wconf 78' lang='grc' dir='ltr'>αὐτοῖς</span> <span class='ocrx_word' id='word_1_121' title='bbox 433 1652 581 1732; x_wconf 78' lang='grc' dir='ltr'>ἐπαγαγεῖν</span> <span class='ocrx_word' id='word_1_122' title='bbox 592 1655 642 1723; x_wconf 76' lang='grc' dir='ltr'>τὴν</span> <span class='ocrx_word' id='word_1_123' title='bbox 657 1651 751 1725; x_wconf 86' lang='grc' dir='ltr'>δίκην;</span> <span class='ocrx_word' id='word_1_124' title='bbox 768 1651 861 1710; x_wconf 76' lang='grc' dir='ltr'>ἔπειτα</span> <span class='ocrx_word' id='word_1_125' title='bbox 876 1652 904 1710; x_wconf 86' lang='grc' dir='ltr'>δέ</span> <span class='ocrx_word' id='word_1_126' title='bbox 918 1655 963 1710; x_wconf 81' lang='grc' dir='ltr'>καί</span> <span class='ocrx_word' id='word_1_127' title='bbox 977 1655 1182 1736; x_wconf 84' lang='grc' dir='ltr'>συμπάσχουσιν</span> <span class='ocrx_word' id='word_1_128' title='bbox 1199 1655 1225 1709; x_wconf 87' lang='grc' dir='ltr'>αί</span> <span class='ocrx_word' id='word_1_129' title='bbox 1238 1659 1293 1709; x_wconf 89' lang='grc' dir='ltr'>τῶν</span> <span class='ocrx_word' id='word_1_130' title='bbox 1305 1652 1447 1732; x_wconf 88' lang='grc' dir='ltr'>προγόνων</span> 
     </span>
     <span class='ocr_line' id='line_1_13' title="bbox 323 1749 1447 1832; baseline -0.003 -26"><span class='ocrx_word' id='word_1_131' title='bbox 323 1752 408 1831; x_wconf 79' lang='grc' dir='ltr'>ψυχαί</span> <span class='ocrx_word' id='word_1_132' title='bbox 432 1757 490 1815; x_wconf 85' lang='grc' dir='ltr'>ταῖς</span> <span class='ocrx_word' id='word_1_133' title='bbox 510 1757 564 1807; x_wconf 90' lang='grc' dir='ltr'>τῶν</span> <span class='ocrx_word' id='word_1_134' title='bbox 585 1751 741 1829; x_wconf 87' lang='grc' dir='ltr'>ἀπογόνων,</span> <span class='ocrx_word' id='word_1_135' title='bbox 764 1757 958 1832; x_wconf 89' lang='grc' dir='ltr'>περιστατικῶς</span> <span class='ocrx_word' id='word_1_136' title='bbox 979 1752 1237 1832; x_wconf 78' lang='grc' dir='ltr'>ἀναστρερομέναις,</span> <span class='ocrx_word' id='word_1_137' title='bbox 1260 1749 1321 1807; x_wconf 85' lang='grc' dir='ltr'>ούδέ</span> <span class='ocrx_word' id='word_1_138' title='bbox 1344 1749 1447 1805; x_wconf 88' lang='grc' dir='ltr'>τούτων</span> 
     </span>
     <span class='ocr_line' id='line_1_14' title="bbox 323 1831 1447 1928; baseline -0.003 -24"><span class='ocrx_word' id='word_1_139' title='bbox 323 1847 438 1914; x_wconf 80' lang='grc' dir='ltr'>ἀναξίως</span> <span class='ocrx_word' id='word_1_140' title='bbox 459 1831 649 1923; x_wconf 79' lang='grc' dir='ltr'>ὑπομενόντων</span> <span class='ocrx_word' id='word_1_141' title='bbox 669 1851 716 1913; x_wconf 82' lang='grc' dir='ltr'>τάς</span> <span class='ocrx_word' id='word_1_142' title='bbox 737 1847 826 1913; x_wconf 89' lang='grc' dir='ltr'>δίκας·</span> <span class='ocrx_word' id='word_1_143' title='bbox 842 1850 983 1928; x_wconf 87' lang='grc' dir='ltr'>συνάγεται</span> <span class='ocrx_word' id='word_1_144' title='bbox 1002 1851 1053 1928; x_wconf 89' lang='grc' dir='ltr'>γάρ</span> <span class='ocrx_word' id='word_1_145' title='bbox 1073 1851 1087 1905; x_wconf 87' lang='grc' dir='ltr'><strong>ὁ</strong></span> <span class='ocrx_word' id='word_1_146' title='bbox 1108 1845 1182 1915; x_wconf 85' lang='grc' dir='ltr'>ἀξιος</span> <span class='ocrx_word' id='word_1_147' title='bbox 1202 1854 1250 1905; x_wconf 74' lang='grc' dir='ltr'>τοῦ</span> <span class='ocrx_word' id='word_1_148' title='bbox 1268 1846 1334 1904; x_wconf 81' lang='grc' dir='ltr'>τάδε</span> <span class='ocrx_word' id='word_1_149' title='bbox 1352 1849 1447 1903; x_wconf 78' lang='grc' dir='ltr'>παθεῖν</span> 
     </span>
    </p>

    <p class='ocr_par' dir='ltr' id='par_1_5' title="bbox 324 1943 1446 2027">
     <span class='ocr_line' id='line_1_15' title="bbox 324 1943 1446 2027; baseline -0.004 -23"><span class='ocrx_word' id='word_1_150' title='bbox 324 1948 362 2010; x_wconf 87' lang='grc' dir='ltr'>είς</span> <span class='ocrx_word' id='word_1_151' title='bbox 382 1948 413 2003; x_wconf 86' lang='grc' dir='ltr'>τὸ</span> <span class='ocrx_word' id='word_1_152' title='bbox 431 1945 536 2004; x_wconf 87' lang='grc' dir='ltr'>τοιόνδε</span> <span class='ocrx_word' id='word_1_153' title='bbox 555 1948 646 2026; x_wconf 89' lang='grc' dir='ltr'>γένος,</span> <span class='ocrx_word' id='word_1_154' title='bbox 667 1956 717 2019; x_wconf 79' lang='grc' dir='ltr'>τῆς</span> <span class='ocrx_word' id='word_1_155' title='bbox 737 1947 867 2026; x_wconf 86' lang='grc' dir='ltr'>προνοίας</span> <span class='ocrx_word' id='word_1_156' title='bbox 884 1944 1060 2027; x_wconf 79' lang='grc' dir='ltr'>έξῃρημένως</span> <span class='ocrx_word' id='word_1_157' title='bbox 1076 1950 1186 2018; x_wconf 80' lang='grc' dir='ltr'>καὶτῆς</span> <span class='ocrx_word' id='word_1_158' title='bbox 1204 1947 1280 2010; x_wconf 61' lang='grc' dir='ltr'>θείας</span> <span class='ocrx_word' id='word_1_159' title='bbox 1295 1943 1323 2002; x_wconf 88' lang='grc' dir='ltr'>δέ</span> <span class='ocrx_word' id='word_1_160' title='bbox 1339 1946 1446 2026; x_wconf 78' lang='grc' dir='ltr'>ρύσεως</span> 
     </span>
    </p>

    <p class='ocr_par' dir='ltr' id='par_1_6' title="bbox 276 2038 1443 2126">
     <span class='ocr_line' id='line_1_16' title="bbox 276 2038 1443 2126; baseline 0.001 -24"><span class='ocrx_word' id='word_1_161' title='bbox 276 2046 286 2056; x_wconf 86' lang='grc'><strong><em>’</em></strong></span> <span class='ocrx_word' id='word_1_162' title='bbox 321 2049 366 2104; x_wconf 82' lang='grc' dir='ltr'>καί</span> <span class='ocrx_word' id='word_1_163' title='bbox 379 2053 433 2104; x_wconf 89' lang='grc' dir='ltr'>τῶν</span> <span class='ocrx_word' id='word_1_164' title='bbox 446 2054 615 2126; x_wconf 88' lang='grc' dir='ltr'>μοιρηγετῶν</span> <span class='ocrx_word' id='word_1_165' title='bbox 628 2054 702 2105; x_wconf 60' lang='grc' dir='ltr'>θεῶν</span> <span class='ocrx_word' id='word_1_166' title='bbox 714 2038 964 2104; x_wconf 85' lang='grc' dir='ltr'>συνδιαπλεκόντων</span> <span class='ocrx_word' id='word_1_167' title='bbox 979 2047 1066 2104; x_wconf 87' lang='grc' dir='ltr'>πάντα</span> <span class='ocrx_word' id='word_1_168' title='bbox 1081 2047 1109 2104; x_wconf 91' lang='grc' dir='ltr'>ἐν</span> <span class='ocrx_word' id='word_1_169' title='bbox 1124 2045 1197 2112; x_wconf 81' lang='grc' dir='ltr'>τάξει</span> <span class='ocrx_word' id='word_1_170' title='bbox 1211 2047 1256 2103; x_wconf 83' lang='grc' dir='ltr'>καί</span> <span class='ocrx_word' id='word_1_171' title='bbox 1270 2045 1338 2102; x_wconf 85' lang='grc' dir='ltr'>κατά</span> <span class='ocrx_word' id='word_1_172' title='bbox 1354 2041 1443 2115; x_wconf 83' lang='grc' dir='ltr'>δίκην.</span> 
     </span>
    </p>

    <p class='ocr_par' dir='ltr' id='par_1_7' title="bbox 319 2143 1446 3014">
     <span class='ocr_line' id='line_1_17' title="bbox 361 2143 1446 2226; baseline -0.005 -24"><span class='ocrx_word' id='word_1_173' title='bbox 361 2145 471 2203; x_wconf 84' lang='grc' dir='ltr'>Ἔπειτα</span> <span class='ocrx_word' id='word_1_174' title='bbox 495 2144 522 2202; x_wconf 79' lang='grc' dir='ltr'>δέ</span> <span class='ocrx_word' id='word_1_175' title='bbox 545 2148 590 2202; x_wconf 83' lang='grc' dir='ltr'>καί</span> <span class='ocrx_word' id='word_1_176' title='bbox 612 2145 662 2221; x_wconf 81' lang='grc' dir='ltr'>μία</span> <span class='ocrx_word' id='word_1_177' title='bbox 683 2168 721 2211; x_wconf 88' lang='grc' dir='ltr'>τις</span> <span class='ocrx_word' id='word_1_178' title='bbox 742 2145 867 2226; x_wconf 74' lang='grc' dir='ltr'>συνέχεια</span> <span class='ocrx_word' id='word_1_179' title='bbox 890 2147 983 2225; x_wconf 77' lang='grc' dir='ltr'>ὁρᾶται</span> <span class='ocrx_word' id='word_1_180' title='bbox 1003 2151 1051 2202; x_wconf 74' lang='grc' dir='ltr'>τοῦ</span> <span class='ocrx_word' id='word_1_181' title='bbox 1075 2145 1180 2223; x_wconf 82' lang='grc' dir='ltr'>γένους·</span> <span class='ocrx_word' id='word_1_182' title='bbox 1206 2143 1296 2222; x_wconf 83' lang='grc' dir='ltr'>ὥσπερ</span> <span class='ocrx_word' id='word_1_183' title='bbox 1319 2143 1370 2222; x_wconf 86' lang='grc' dir='ltr'>γάρ</span> <span class='ocrx_word' id='word_1_184' title='bbox 1391 2147 1446 2199; x_wconf 88' lang='grc' dir='ltr'>τῶν</span> 
     </span>
     <span class='ocr_line' id='line_1_18' title="bbox 322 2240 1444 2325; baseline -0.004 -25"><span class='ocrx_word' id='word_1_185' title='bbox 322 2245 482 2324; x_wconf 83' lang='grc' dir='ltr'>σπερμάτων</span> <span class='ocrx_word' id='word_1_186' title='bbox 502 2247 547 2301; x_wconf 83' lang='grc' dir='ltr'>καί</span> <span class='ocrx_word' id='word_1_187' title='bbox 568 2250 622 2301; x_wconf 87' lang='grc' dir='ltr'>τῶν</span> <span class='ocrx_word' id='word_1_188' title='bbox 644 2251 763 2325; x_wconf 83' lang='grc' dir='ltr'>ιρυσικῶν</span> <span class='ocrx_word' id='word_1_189' title='bbox 785 2242 877 2323; x_wconf 88' lang='grc' dir='ltr'>λόγων</span> <span class='ocrx_word' id='word_1_190' title='bbox 899 2244 1003 2323; x_wconf 88' lang='grc' dir='ltr'>γίνεταί</span> <span class='ocrx_word' id='word_1_191' title='bbox 1026 2267 1068 2309; x_wconf 87' lang='grc' dir='ltr'>τις</span> <span class='ocrx_word' id='word_1_192' title='bbox 1087 2244 1228 2313; x_wconf 87' lang='grc' dir='ltr'>κοινωνία,</span> <span class='ocrx_word' id='word_1_193' title='bbox 1250 2244 1323 2299; x_wconf 88' lang='grc' dir='ltr'>ούτω</span> <span class='ocrx_word' id='word_1_194' title='bbox 1345 2240 1376 2313; x_wconf 77' lang='grc' dir='ltr'>δὴ</span> <span class='ocrx_word' id='word_1_195' title='bbox 1399 2241 1444 2297; x_wconf 82' lang='grc' dir='ltr'>καί</span> 
     </span>
     <span class='ocr_line' id='line_1_19' title="bbox 322 2341 1442 2429; baseline -0.002 -30"><span class='ocrx_word' id='word_1_196' title='bbox 322 2349 376 2399; x_wconf 88' lang='grc' dir='ltr'>τῶν</span> <span class='ocrx_word' id='word_1_197' title='bbox 391 2341 503 2401; x_wconf 89' lang='grc' dir='ltr'>τοιῶνδε</span> <span class='ocrx_word' id='word_1_198' title='bbox 518 2348 614 2424; x_wconf 81' lang='grc' dir='ltr'>ψυχῶν</span> <span class='ocrx_word' id='word_1_199' title='bbox 629 2345 674 2400; x_wconf 75' lang='grc' dir='ltr'>καὶ</span> <span class='ocrx_word' id='word_1_200' title='bbox 687 2350 774 2422; x_wconf 89' lang='grc' dir='ltr'>γενῶν</span> <span class='ocrx_word' id='word_1_201' title='bbox 789 2345 833 2399; x_wconf 82' lang='grc' dir='ltr'>καὶ</span> <span class='ocrx_word' id='word_1_202' title='bbox 848 2350 903 2400; x_wconf 88' lang='grc' dir='ltr'>τῶν</span> <span class='ocrx_word' id='word_1_203' title='bbox 911 2344 1020 2421; x_wconf 77' lang='grc' dir='ltr'>τούτοις</span> <span class='ocrx_word' id='word_1_204' title='bbox 1031 2345 1172 2429; x_wconf 82' lang='grc' dir='ltr'>έπομένων</span> <span class='ocrx_word' id='word_1_205' title='bbox 1186 2343 1293 2420; x_wconf 84' lang='grc' dir='ltr'>ἀγαθῶν</span> <span class='ocrx_word' id='word_1_206' title='bbox 1307 2341 1324 2411; x_wconf 68' lang='grc' dir='ltr'><strong>ἢ</strong></span> <span class='ocrx_word' id='word_1_207' title='bbox 1340 2345 1442 2397; x_wconf 90' lang='grc' dir='ltr'>κακῶν.</span> 
     </span>
     <span class='ocr_line' id='line_1_20' title="bbox 322 2440 1445 2522; baseline 0.003 -24"><span class='ocrx_word' id='word_1_208' title='bbox 322 2440 425 2522; x_wconf 68' lang='grc' dir='ltr'>’Ὥσπερ</span> <span class='ocrx_word' id='word_1_209' title='bbox 441 2442 491 2521; x_wconf 87' lang='grc' dir='ltr'>γάρ</span> <span class='ocrx_word' id='word_1_210' title='bbox 506 2443 528 2499; x_wconf 86' lang='grc' dir='ltr'>εί</span> <span class='ocrx_word' id='word_1_211' title='bbox 547 2445 630 2516; x_wconf 70' lang='grc' dir='ltr'>Ιἡμεῖς</span> <span class='ocrx_word' id='word_1_212' title='bbox 650 2442 821 2516; x_wconf 85' lang='grc' dir='ltr'>κοιμιόμενοι</span> <span class='ocrx_word' id='word_1_213' title='bbox 841 2440 1081 2516; x_wconf 88' lang='grc' dir='ltr'>ἐπελανθανόμεθα</span> <span class='ocrx_word' id='word_1_214' title='bbox 1099 2450 1148 2512; x_wconf 84' lang='grc' dir='ltr'>τῆς</span> <span class='ocrx_word' id='word_1_215' title='bbox 1161 2441 1294 2520; x_wconf 81' lang='grc' dir='ltr'>προτέρας</span> <span class='ocrx_word' id='word_1_216' title='bbox 1312 2442 1385 2509; x_wconf 80' lang='grc' dir='ltr'>ζωῆς</span> <span class='ocrx_word' id='word_1_217' title='bbox 1398 2445 1445 2508; x_wconf 73' lang='grc' dir='ltr'>τῆς</span> 
     </span>
     <span class='ocr_line' id='line_1_21' title="bbox 320 2536 1444 2621; baseline -0.004 -26"><span class='ocrx_word' id='word_1_218' title='bbox 320 2542 385 2621; x_wconf 75' lang='grc' dir='ltr'>χθές</span> <span class='ocrx_word' id='word_1_219' title='bbox 395 2541 550 2618; x_wconf 77' lang='grc' dir='ltr'>γενομένης,</span> <span class='ocrx_word' id='word_1_220' title='bbox 560 2536 653 2606; x_wconf 85' lang='grc' dir='ltr'>ἐδοξαν</span> <span class='ocrx_word' id='word_1_221' title='bbox 664 2538 695 2596; x_wconf 81' lang='grc' dir='ltr'>ἀν</span> <span class='ocrx_word' id='word_1_222' title='bbox 706 2543 775 2614; x_wconf 75' lang='grc' dir='ltr'>ἡμῖν</span> <span class='ocrx_word' id='word_1_223' title='bbox 789 2538 890 2597; x_wconf 81' lang='grc' dir='ltr'>πολλοὶ</span> <span class='ocrx_word' id='word_1_224' title='bbox 900 2540 955 2617; x_wconf 80' lang='grc' dir='ltr'>βίοι</span> <span class='ocrx_word' id='word_1_225' title='bbox 965 2540 1033 2596; x_wconf 75' lang='grc' dir='ltr'>εἶναι</span> <span class='ocrx_word' id='word_1_226' title='bbox 1043 2539 1070 2597; x_wconf 86' lang='grc' dir='ltr'>ἐν</span> <span class='ocrx_word' id='word_1_227' title='bbox 1085 2540 1121 2596; x_wconf 81' lang='grc' dir='ltr'>ἐνί</span> <span class='ocrx_word' id='word_1_228' title='bbox 1136 2538 1296 2617; x_wconf 83' lang='grc' dir='ltr'>ἀνθρωπίνῳ</span> <span class='ocrx_word' id='word_1_229' title='bbox 1307 2538 1373 2615; x_wconf 86' lang='grc' dir='ltr'>βίῳ,</span> <span class='ocrx_word' id='word_1_230' title='bbox 1385 2559 1444 2592; x_wconf 85' lang='grc' dir='ltr'>ουν·</span> 
     </span>
     <span class='ocr_line' id='line_1_22' title="bbox 322 2633 1441 2720; baseline -0.005 -24"><span class='ocrx_word' id='word_1_231' title='bbox 322 2645 404 2720; x_wconf 81' lang='grc' dir='ltr'>εχούς</span> <span class='ocrx_word' id='word_1_232' title='bbox 421 2637 505 2710; x_wconf 83' lang='grc' dir='ltr'>ούοης</span> <span class='ocrx_word' id='word_1_233' title='bbox 520 2648 570 2710; x_wconf 75' lang='grc' dir='ltr'>τῆς</span> <span class='ocrx_word' id='word_1_234' title='bbox 586 2642 659 2710; x_wconf 80' lang='grc' dir='ltr'>ζωῆς</span> <span class='ocrx_word' id='word_1_235' title='bbox 676 2639 775 2702; x_wconf 85' lang='grc' dir='ltr'>ἐντοῖς</span> <span class='ocrx_word' id='word_1_236' title='bbox 794 2633 983 2713; x_wconf 69' lang='grc' dir='ltr'>ἐθδομηκοντα</span> <span class='ocrx_word' id='word_1_237' title='bbox 998 2639 1015 2708; x_wconf 70' lang='grc' dir='ltr'><strong>ἢ</strong></span> <span class='ocrx_word' id='word_1_238' title='bbox 1033 2638 1200 2717; x_wconf 70' lang='grc' dir='ltr'>ὀγδοήκοντα</span> <span class='ocrx_word' id='word_1_239' title='bbox 1218 2637 1324 2700; x_wconf 82' lang='grc' dir='ltr'>τούτοις</span> <span class='ocrx_word' id='word_1_240' title='bbox 1345 2633 1441 2704; x_wconf 83' lang='grc' dir='ltr'>ἐτεσιν,</span> 
     </span>
     <span class='ocr_line' id='line_1_23' title="bbox 321 2735 1440 2818; baseline -0.003 -25"><span class='ocrx_word' id='word_1_241' title='bbox 321 2737 391 2793; x_wconf 72' lang='grc' dir='ltr'>οὕτω</span> <span class='ocrx_word' id='word_1_242' title='bbox 405 2735 437 2807; x_wconf 73' lang='grc' dir='ltr'>δι’,</span> <span class='ocrx_word' id='word_1_243' title='bbox 453 2739 497 2793; x_wconf 83' lang='grc' dir='ltr'>καῖ</span> <span class='ocrx_word' id='word_1_244' title='bbox 513 2736 538 2793; x_wconf 89' lang='grc' dir='ltr'>ἐν</span> <span class='ocrx_word' id='word_1_245' title='bbox 552 2742 589 2814; x_wconf 81' lang='grc' dir='ltr'>τῷ</span> <span class='ocrx_word' id='word_1_246' title='bbox 600 2738 672 2814; x_wconf 81' lang='grc' dir='ltr'>γένει</span> <span class='ocrx_word' id='word_1_247' title='bbox 686 2735 756 2811; x_wconf 78' lang='grc' dir='ltr'>τῷδε</span> <span class='ocrx_word' id='word_1_248' title='bbox 772 2737 827 2793; x_wconf 89' lang='grc' dir='ltr'>ἐστί</span> <span class='ocrx_word' id='word_1_249' title='bbox 844 2759 884 2801; x_wconf 89' lang='grc' dir='ltr'>τις</span> <span class='ocrx_word' id='word_1_250' title='bbox 901 2739 1027 2818; x_wconf 81' lang='grc' dir='ltr'>συνέχεια</span> <span class='ocrx_word' id='word_1_251' title='bbox 1044 2740 1076 2808; x_wconf 68' lang='grc' dir='ltr'>ἣν</span> <span class='ocrx_word' id='word_1_252' title='bbox 1093 2741 1176 2812; x_wconf 75' lang='grc' dir='ltr'>ἡμεῖς</span> <span class='ocrx_word' id='word_1_253' title='bbox 1195 2737 1244 2811; x_wconf 75' lang='grc' dir='ltr'>μὲν</span> <span class='ocrx_word' id='word_1_254' title='bbox 1256 2735 1309 2816; x_wconf 77' lang='grc' dir='ltr'>οὐχ</span> <span class='ocrx_word' id='word_1_255' title='bbox 1323 2737 1440 2814; x_wconf 87' lang='grc' dir='ltr'>δρῶμεν,</span> 
     </span>
     <span class='ocr_line' id='line_1_24' title="bbox 320 2833 1440 2914; baseline -0.002 -21"><span class='ocrx_word' id='word_1_256' title='bbox 320 2838 346 2894; x_wconf 84' lang='grc' dir='ltr'>οῖ</span> <span class='ocrx_word' id='word_1_257' title='bbox 370 2835 461 2911; x_wconf 86' lang='grc' dir='ltr'>μέντοι</span> <span class='ocrx_word' id='word_1_258' title='bbox 488 2834 649 2913; x_wconf 75' lang='grc' dir='ltr'>μοιρηγέται</span> <span class='ocrx_word' id='word_1_259' title='bbox 675 2837 736 2893; x_wconf 68' lang='grc' dir='ltr'>3εοῖ</span> <span class='ocrx_word' id='word_1_260' title='bbox 758 2836 803 2892; x_wconf 80' lang='grc' dir='ltr'>καί</span> <span class='ocrx_word' id='word_1_261' title='bbox 831 2838 857 2892; x_wconf 83' lang='grc' dir='ltr'>οῖ</span> <span class='ocrx_word' id='word_1_262' title='bbox 881 2838 914 2893; x_wconf 79' lang='grc' dir='ltr'>τά</span> <span class='ocrx_word' id='word_1_263' title='bbox 942 2836 1007 2914; x_wconf 90' lang='grc' dir='ltr'>γένη</span> <span class='ocrx_word' id='word_1_264' title='bbox 1038 2836 1249 2914; x_wconf 84' lang='grc' dir='ltr'>κληρωσάμενοι</span> <span class='ocrx_word' id='word_1_265' title='bbox 1277 2833 1440 2908; x_wconf 85' lang='grc' dir='ltr'>δαίμονες...</span> 
     </span>
     <span class='ocr_line' id='line_1_25' title="bbox 319 2932 1443 3014; baseline -0.002 -24"><span class='ocrx_word' id='word_1_266' title='bbox 319 2932 423 3014; x_wconf 67' lang='grc' dir='ltr'>’Ὥσπερ</span> <span class='ocrx_word' id='word_1_267' title='bbox 442 2933 487 2990; x_wconf 77' lang='grc' dir='ltr'>οὗν</span> <span class='ocrx_word' id='word_1_268' title='bbox 506 2933 533 2990; x_wconf 87' lang='grc' dir='ltr'>ἐν</span> <span class='ocrx_word' id='word_1_269' title='bbox 550 2934 586 2989; x_wconf 81' lang='grc' dir='ltr'>ἐνί</span> <span class='ocrx_word' id='word_1_270' title='bbox 604 2935 655 3011; x_wconf 86' lang='grc' dir='ltr'>βίῳ</span> <span class='ocrx_word' id='word_1_271' title='bbox 672 2933 753 3006; x_wconf 73' lang='grc' dir='ltr'>τήνδε</span> <span class='ocrx_word' id='word_1_272' title='bbox 768 2937 818 3005; x_wconf 76' lang='grc' dir='ltr'>τὴν</span> <span class='ocrx_word' id='word_1_273' title='bbox 834 2934 912 2991; x_wconf 89' lang='grc' dir='ltr'>νόσον</span> <span class='ocrx_word' id='word_1_274' title='bbox 927 2936 941 2990; x_wconf 90' lang='grc' dir='ltr'><strong>ὁ</strong></span> <span class='ocrx_word' id='word_1_275' title='bbox 958 2934 1050 3014; x_wconf 77' lang='grc' dir='ltr'>ἰατρὸς</span> <span class='ocrx_word' id='word_1_276' title='bbox 1068 2935 1117 2990; x_wconf 89' lang='grc' dir='ltr'>ούκ</span> <span class='ocrx_word' id='word_1_277' title='bbox 1131 2934 1208 2997; x_wconf 76' lang='grc' dir='ltr'>εύθύς</span> <span class='ocrx_word' id='word_1_278' title='bbox 1225 2933 1380 3013; x_wconf 72' lang='grc' dir='ltr'>χειρουργία</span> <span class='ocrx_word' id='word_1_279' title='bbox 1394 2943 1443 2989; x_wconf 64' lang='lat'>22·</span> 
     </span>
    </p>

    <p class='ocr_par' dir='ltr' id='par_1_8' title="bbox 274 3029 1442 3506">
     <span class='ocr_line' id='line_1_26' title="bbox 274 3029 1442 3113; baseline -0.003 -26"><span class='ocrx_word' id='word_1_280' title='bbox 274 3039 284 3049; x_wconf 88' lang='lat'>&#39;</span> <span class='ocrx_word' id='word_1_281' title='bbox 320 3032 441 3110; x_wconf 88' lang='grc' dir='ltr'>ραπεύει,</span> <span class='ocrx_word' id='word_1_282' title='bbox 458 3029 531 3088; x_wconf 86' lang='grc' dir='ltr'>ἀλλά</span> <span class='ocrx_word' id='word_1_283' title='bbox 546 3032 684 3109; x_wconf 88' lang='grc' dir='ltr'>περιμένει</span> <span class='ocrx_word' id='word_1_284' title='bbox 700 3030 775 3111; x_wconf 83' lang='grc' dir='ltr'>ἀχρις</span> <span class='ocrx_word' id='word_1_285' title='bbox 789 3033 820 3088; x_wconf 78' lang='grc' dir='ltr'>ού</span> <span class='ocrx_word' id='word_1_286' title='bbox 836 3031 986 3103; x_wconf 70' lang='grc' dir='ltr'>ἐπιτήδειος</span> <span class='ocrx_word' id='word_1_287' title='bbox 1001 3033 1115 3111; x_wconf 85' lang='grc' dir='ltr'>γένηται</span> <span class='ocrx_word' id='word_1_288' title='bbox 1132 3034 1146 3088; x_wconf 85' lang='grc' dir='ltr'><strong>ὁ</strong></span> <span class='ocrx_word' id='word_1_289' title='bbox 1165 3032 1280 3113; x_wconf 81' lang='grc' dir='ltr'>πάσχων</span> <span class='ocrx_word' id='word_1_290' title='bbox 1299 3033 1442 3104; x_wconf 80' lang='grc' dir='ltr'>ὑπομεῖναι</span> 
     </span>
     <span class='ocr_line' id='line_1_27' title="bbox 319 3125 1442 3210; baseline -0.004 -24"><span class='ocrx_word' id='word_1_291' title='bbox 319 3131 370 3199; x_wconf 75' lang='grc' dir='ltr'>τὴν</span> <span class='ocrx_word' id='word_1_292' title='bbox 388 3130 574 3210; x_wconf 86' lang='grc' dir='ltr'>χειρουργίαν,</span> <span class='ocrx_word' id='word_1_293' title='bbox 597 3130 667 3186; x_wconf 78' lang='grc' dir='ltr'>ούτω</span> <span class='ocrx_word' id='word_1_294' title='bbox 685 3132 729 3186; x_wconf 87' lang='grc' dir='ltr'>καί</span> <span class='ocrx_word' id='word_1_295' title='bbox 746 3130 773 3187; x_wconf 86' lang='grc' dir='ltr'>ἐν</span> <span class='ocrx_word' id='word_1_296' title='bbox 792 3137 831 3204; x_wconf 78' lang='grc' dir='ltr'>τῷ</span> <span class='ocrx_word' id='word_1_297' title='bbox 846 3133 917 3209; x_wconf 84' lang='grc' dir='ltr'>γένει</span> <span class='ocrx_word' id='word_1_298' title='bbox 932 3136 1053 3188; x_wconf 77' lang='grc' dir='ltr'>ποιοῦσιν</span> <span class='ocrx_word' id='word_1_299' title='bbox 1068 3133 1094 3187; x_wconf 86' lang='grc' dir='ltr'>οί</span> <span class='ocrx_word' id='word_1_300' title='bbox 1110 3126 1201 3210; x_wconf 79' lang='grc' dir='ltr'>έροροι</span> <span class='ocrx_word' id='word_1_301' title='bbox 1215 3134 1262 3186; x_wconf 77' lang='grc' dir='ltr'>τού</span> <span class='ocrx_word' id='word_1_302' title='bbox 1276 3129 1370 3206; x_wconf 88' lang='grc' dir='ltr'>γένους</span> <span class='ocrx_word' id='word_1_303' title='bbox 1385 3125 1442 3182; x_wconf 86' lang='grc' dir='ltr'>δαί-</span> 
     </span>
     <span class='ocr_line' id='line_1_28' title="bbox 321 3224 1441 3309; baseline -0.004 -24"><span class='ocrx_word' id='word_1_304' title='bbox 321 3251 412 3303; x_wconf 85' lang='grc' dir='ltr'>μονες,</span> <span class='ocrx_word' id='word_1_305' title='bbox 434 3230 472 3292; x_wconf 87' lang='grc' dir='ltr'>ὡς</span> <span class='ocrx_word' id='word_1_306' title='bbox 492 3229 537 3283; x_wconf 87' lang='grc' dir='ltr'>καί</span> <span class='ocrx_word' id='word_1_307' title='bbox 558 3227 698 3306; x_wconf 83' lang='grc' dir='ltr'>Ἡρόδοτος</span> <span class='ocrx_word' id='word_1_308' title='bbox 718 3232 833 3309; x_wconf 86' lang='grc' dir='ltr'>ίστορεῑ,</span> <span class='ocrx_word' id='word_1_309' title='bbox 855 3230 895 3286; x_wconf 80' lang='grc' dir='ltr'>ότι</span> <span class='ocrx_word' id='word_1_310' title='bbox 917 3231 984 3305; x_wconf 85' lang='grc' dir='ltr'>μετά</span> <span class='ocrx_word' id='word_1_311' title='bbox 1003 3229 1081 3286; x_wconf 88' lang='grc' dir='ltr'>πέντε</span> <span class='ocrx_word' id='word_1_312' title='bbox 1100 3230 1194 3307; x_wconf 80' lang='grc' dir='ltr'>γενεάς</span> <span class='ocrx_word' id='word_1_313' title='bbox 1215 3224 1333 3294; x_wconf 72' lang='grc' dir='ltr'>ἐξέτισαν</span> <span class='ocrx_word' id='word_1_314' title='bbox 1349 3228 1375 3283; x_wconf 86' lang='grc' dir='ltr'>οί</span> <span class='ocrx_word' id='word_1_315' title='bbox 1394 3231 1441 3281; x_wconf 77' lang='grc' dir='ltr'>τού</span> 
     </span>
     <span class='ocr_line' id='line_1_29' title="bbox 320 3325 1442 3405; baseline -0.002 -23"><span class='ocrx_word' id='word_1_316' title='bbox 320 3325 407 3383; x_wconf 76' lang='grc' dir='ltr'>Λυδοῦ</span> <span class='ocrx_word' id='word_1_317' title='bbox 427 3327 556 3405; x_wconf 91' lang='grc' dir='ltr'>ἀπόγονοι</span> <span class='ocrx_word' id='word_1_318' title='bbox 575 3328 625 3398; x_wconf 75' lang='grc' dir='ltr'>τήν</span> <span class='ocrx_word' id='word_1_319' title='bbox 643 3326 733 3400; x_wconf 85' lang='grc' dir='ltr'>δίκην.</span> <span class='ocrx_word' id='word_1_320' title='bbox 751 3363 790 3372; x_wconf 85' lang='lat'><em>-</em></span> <span class='ocrx_word' id='word_1_321' title='bbox 808 3328 842 3384; x_wconf 87' lang='grc' dir='ltr'>Τὸ</span> <span class='ocrx_word' id='word_1_322' title='bbox 866 3326 894 3384; x_wconf 79' lang='grc' dir='ltr'>δέ</span> <span class='ocrx_word' id='word_1_323' title='bbox 915 3329 1068 3385; x_wconf 86' lang='grc' dir='ltr'>παλαιῶν</span> <span class='ocrx_word' id='word_1_324' title='bbox 1090 3327 1328 3402; x_wconf 85' lang='grc' dir='ltr'>ἐκμηνιμάτων</span> <span class='ocrx_word' id='word_1_325' title='bbox 1350 3326 1390 3381; x_wconf 80' lang='grc' dir='ltr'>ὅτι</span> <span class='ocrx_word' id='word_1_326' title='bbox 1409 3326 1442 3380; x_wconf 81' lang='grc' dir='ltr'>τά</span> 
     </span>
     <span class='ocr_line' id='line_1_30' title="bbox 318 3423 1441 3506; baseline -0.002 -26"><span class='ocrx_word' id='word_1_327' title='bbox 318 3423 488 3505; x_wconf 86' lang='grc' dir='ltr'>πολυχρόνια</span> <span class='ocrx_word' id='word_1_328' title='bbox 511 3431 564 3481; x_wconf 88' lang='grc' dir='ltr'>τῶν</span> <span class='ocrx_word' id='word_1_329' title='bbox 592 3428 797 3504; x_wconf 73' lang='grc' dir='ltr'>ἁμαρτηματων</span> <span class='ocrx_word' id='word_1_330' title='bbox 826 3425 1049 3506; x_wconf 85' lang='grc' dir='ltr'>δυσεκνιπτότερά</span> <span class='ocrx_word' id='word_1_331' title='bbox 1072 3426 1146 3496; x_wconf 79' lang='grc' dir='ltr'>εἰσιν,</span> <span class='ocrx_word' id='word_1_332' title='bbox 1174 3425 1191 3480; x_wconf 81' lang='grc' dir='ltr'>ἀ</span> <span class='ocrx_word' id='word_1_333' title='bbox 1213 3424 1259 3480; x_wconf 83' lang='grc' dir='ltr'>καί</span> <span class='ocrx_word' id='word_1_334' title='bbox 1283 3423 1441 3491; x_wconf 81' lang='grc' dir='ltr'>τελεστικῆς</span> 
     </span>
    </p>

    <p class='ocr_par' dir='ltr' id='par_1_9' title="bbox 256 3517 1442 4094">
     <span class='ocr_line' id='line_1_31' title="bbox 256 3517 1440 3605; baseline -0.002 -28"><span class='ocrx_word' id='word_1_335' title='bbox 256 3527 287 3577; x_wconf 82' lang='grc'>30</span> <span class='ocrx_word' id='word_1_336' title='bbox 320 3521 407 3597; x_wconf 88' lang='grc' dir='ltr'>μόνης</span> <span class='ocrx_word' id='word_1_337' title='bbox 424 3520 509 3579; x_wconf 81' lang='grc' dir='ltr'>δεῖται</span> <span class='ocrx_word' id='word_1_338' title='bbox 525 3523 563 3587; x_wconf 80' lang='grc' dir='ltr'>εἷς</span> <span class='ocrx_word' id='word_1_339' title='bbox 578 3524 714 3603; x_wconf 88' lang='grc' dir='ltr'>κάθαρσιν,</span> <span class='ocrx_word' id='word_1_340' title='bbox 732 3526 765 3580; x_wconf 82' lang='grc' dir='ltr'>τά</span> <span class='ocrx_word' id='word_1_341' title='bbox 784 3523 812 3580; x_wconf 82' lang='grc' dir='ltr'>δέ</span> <span class='ocrx_word' id='word_1_342' title='bbox 833 3523 1079 3605; x_wconf 84' lang='grc' dir='ltr'>όλιγοχρονιιιίτερα</span> <span class='ocrx_word' id='word_1_343' title='bbox 1099 3522 1271 3600; x_wconf 80' lang='grc' dir='ltr'>εύιατιίιτερα·</span> <span class='ocrx_word' id='word_1_344' title='bbox 1289 3520 1392 3599; x_wconf 70' lang='grc' dir='ltr'>’Ὠσπερ</span> <span class='ocrx_word' id='word_1_345' title='bbox 1408 3517 1440 3590; x_wconf 80' lang='grc' dir='ltr'>δὴ</span> 
     </span>
     <span class='ocr_line' id='line_1_32' title="bbox 317 3619 1440 3703; baseline -0.002 -28"><span class='ocrx_word' id='word_1_346' title='bbox 317 3621 362 3676; x_wconf 85' lang='grc' dir='ltr'>καί</span> <span class='ocrx_word' id='word_1_347' title='bbox 383 3620 425 3676; x_wconf 81' lang='grc' dir='ltr'>ἐπὶ</span> <span class='ocrx_word' id='word_1_348' title='bbox 448 3621 569 3699; x_wconf 78' lang='grc' dir='ltr'>ἰατρικῆς</span> <span class='ocrx_word' id='word_1_349' title='bbox 592 3623 711 3701; x_wconf 81' lang='grc' dir='ltr'>ὁρῶμεν,</span> <span class='ocrx_word' id='word_1_350' title='bbox 735 3622 935 3703; x_wconf 86' lang='grc' dir='ltr'>όλιγοχρονίων</span> <span class='ocrx_word' id='word_1_351' title='bbox 959 3624 1007 3697; x_wconf 78' lang='grc' dir='ltr'>μέν</span> <span class='ocrx_word' id='word_1_352' title='bbox 1028 3623 1078 3701; x_wconf 88' lang='grc' dir='ltr'>γάρ</span> <span class='ocrx_word' id='word_1_353' title='bbox 1101 3620 1186 3678; x_wconf 82' lang='grc' dir='ltr'>’όντων</span> <span class='ocrx_word' id='word_1_354' title='bbox 1206 3627 1260 3677; x_wconf 87' lang='grc' dir='ltr'>τῶν</span> <span class='ocrx_word' id='word_1_355' title='bbox 1279 3623 1373 3675; x_wconf 89' lang='grc' dir='ltr'>παθῶν</span> <span class='ocrx_word' id='word_1_356' title='bbox 1396 3619 1440 3674; x_wconf 83' lang='grc' dir='ltr'>καί</span> 
     </span>
     <span class='ocr_line' id='line_1_33' title="bbox 319 3714 1441 3799; baseline -0.003 -24"><span class='ocrx_word' id='word_1_357' title='bbox 319 3718 397 3782; x_wconf 78' lang='grc' dir='ltr'>εύθύς</span> <span class='ocrx_word' id='word_1_358' title='bbox 415 3714 582 3797; x_wconf 85' lang='grc' dir='ltr'>ἀρξαμένων,</span> <span class='ocrx_word' id='word_1_359' title='bbox 605 3719 649 3776; x_wconf 83' lang='grc' dir='ltr'>ἐάν</span> <span class='ocrx_word' id='word_1_360' title='bbox 670 3718 862 3795; x_wconf 86' lang='grc' dir='ltr'>ἐπιμελεῖσθαί</span> <span class='ocrx_word' id='word_1_361' title='bbox 882 3743 921 3785; x_wconf 92' lang='grc' dir='ltr'>τις</span> <span class='ocrx_word' id='word_1_362' title='bbox 938 3715 1050 3799; x_wconf 69' lang='grc' dir='ltr'>ἄρξηται</span> <span class='ocrx_word' id='word_1_363' title='bbox 1065 3722 1174 3790; x_wconf 75' lang='grc' dir='ltr'>ἐαυτοῦ,</span> <span class='ocrx_word' id='word_1_364' title='bbox 1190 3720 1253 3797; x_wconf 73' lang='grc' dir='ltr'>ρ’ᾇον</span> <span class='ocrx_word' id='word_1_365' title='bbox 1269 3715 1441 3774; x_wconf 87' lang='grc' dir='ltr'>ἀπαλλάττε-</span> 
     </span>
     <span class='ocr_line' id='line_1_34' title="bbox 319 3807 1442 3899; baseline -0.003 -27"><span class='ocrx_word' id='word_1_366' title='bbox 319 3838 373 3887; x_wconf 87' lang='grc' dir='ltr'>ται,</span> <span class='ocrx_word' id='word_1_367' title='bbox 389 3815 582 3897; x_wconf 87' lang='grc' dir='ltr'>πολυχρονίων</span> <span class='ocrx_word' id='word_1_368' title='bbox 595 3815 623 3873; x_wconf 79' lang='grc' dir='ltr'>δέ</span> <span class='ocrx_word' id='word_1_369' title='bbox 636 3819 789 3895; x_wconf 85' lang='grc' dir='ltr'>γενομένων</span> <span class='ocrx_word' id='word_1_370' title='bbox 804 3817 1021 3899; x_wconf 85' lang='grc' dir='ltr'>δυσχερέστερον,</span> <span class='ocrx_word' id='word_1_371' title='bbox 1038 3821 1096 3875; x_wconf 89' lang='grc' dir='ltr'>οῖον</span> <span class='ocrx_word' id='word_1_372' title='bbox 1111 3818 1162 3896; x_wconf 81' lang='grc' dir='ltr'>γάρ</span> <span class='ocrx_word' id='word_1_373' title='bbox 1177 3819 1214 3882; x_wconf 86' lang='grc' dir='ltr'>είς</span> <span class='ocrx_word' id='word_1_374' title='bbox 1229 3807 1307 3897; x_wconf 80' lang='grc' dir='ltr'>ρύσιν</span> <span class='ocrx_word' id='word_1_375' title='bbox 1326 3816 1371 3871; x_wconf 85' lang='grc' dir='ltr'>καί</span> <span class='ocrx_word' id='word_1_376' title='bbox 1388 3807 1442 3880; x_wconf 84' lang='grc' dir='ltr'>ἐξιν</span> 
     </span>
     <span class='ocr_line' id='line_1_35' title="bbox 259 3912 1439 3996; baseline -0.002 -28"><span class='ocrx_word' id='word_1_377' title='bbox 259 3958 260 3961; x_wconf 19' lang='lat'>¹</span> <span class='ocrx_word' id='word_1_378' title='bbox 317 3912 475 3970; x_wconf 86' lang='grc' dir='ltr'>καθίσταται</span> <span class='ocrx_word' id='word_1_379' title='bbox 491 3915 521 3971; x_wconf 86' lang='grc' dir='ltr'>τὸ</span> <span class='ocrx_word' id='word_1_380' title='bbox 536 3916 618 3971; x_wconf 84' lang='grc' dir='ltr'>κακὸν</span> <span class='ocrx_word' id='word_1_381' title='bbox 633 3917 677 3972; x_wconf 81' lang='grc' dir='ltr'>καὶ</span> <span class='ocrx_word' id='word_1_382' title='bbox 691 3916 795 3994; x_wconf 76' lang='grc' dir='ltr'>γίνεται</span> <span class='ocrx_word' id='word_1_383' title='bbox 807 3916 897 3996; x_wconf 90' lang='grc' dir='ltr'>ῶσπερ</span> <span class='ocrx_word' id='word_1_384' title='bbox 911 3916 980 3986; x_wconf 80' lang='grc' dir='ltr'>οὐλὴ</span> <span class='ocrx_word' id='word_1_385' title='bbox 997 3916 1213 3995; x_wconf 85' lang='grc' dir='ltr'>ἐνσκιρρωθεῖσα·</span> <span class='ocrx_word' id='word_1_386' title='bbox 1231 3915 1318 3978; x_wconf 82' lang='grc' dir='ltr'>ούτως</span> <span class='ocrx_word' id='word_1_387' title='bbox 1333 3912 1380 3970; x_wconf 90' lang='grc' dir='ltr'>υύν</span> <span class='ocrx_word' id='word_1_388' title='bbox 1393 3912 1439 3968; x_wconf 81' lang='grc' dir='ltr'>καὶ</span> 
     </span>
     <span class='ocr_line' id='line_1_36' title="bbox 256 4010 1441 4094; baseline -0.002 -26"><span class='ocrx_word' id='word_1_389' title='bbox 256 4017 286 4068; x_wconf 79' lang='grc'>35</span> <span class='ocrx_word' id='word_1_390' title='bbox 319 4011 362 4068; x_wconf 81' lang='grc' dir='ltr'>ἐπὶ</span> <span class='ocrx_word' id='word_1_391' title='bbox 382 4017 438 4067; x_wconf 88' lang='grc' dir='ltr'>τῶν</span> <span class='ocrx_word' id='word_1_392' title='bbox 454 4010 640 4088; x_wconf 86' lang='grc' dir='ltr'>ἀδικημάτων,</span> <span class='ocrx_word' id='word_1_393' title='bbox 661 4013 705 4070; x_wconf 85' lang='grc' dir='ltr'>έάν</span> <span class='ocrx_word' id='word_1_394' title='bbox 726 4015 773 4089; x_wconf 77' lang='grc' dir='ltr'>μὲν</span> <span class='ocrx_word' id='word_1_395' title='bbox 794 4014 874 4078; x_wconf 74' lang='grc' dir='ltr'>αὐτὸς</span> <span class='ocrx_word' id='word_1_396' title='bbox 895 4017 908 4071; x_wconf 88' lang='grc' dir='ltr'><strong>ὁ</strong></span> <span class='ocrx_word' id='word_1_397' title='bbox 925 4015 1054 4094; x_wconf 77' lang='grc' dir='ltr'>ἁμαρτὼν</span> <span class='ocrx_word' id='word_1_398' title='bbox 1071 4014 1147 4077; x_wconf 80' lang='grc' dir='ltr'>εύθυς</span> <span class='ocrx_word' id='word_1_399' title='bbox 1165 4019 1289 4090; x_wconf 80' lang='grc' dir='ltr'>μεταγνῷ</span> <span class='ocrx_word' id='word_1_400' title='bbox 1304 4013 1348 4067; x_wconf 84' lang='grc' dir='ltr'>καί</span> <span class='ocrx_word' id='word_1_401' title='bbox 1359 4031 1441 4089; x_wconf 90' lang='grc' dir='ltr'>προσ-</span> 
     </span>
    </p>
   </div>
   <div class='ocr_carea' id='block_1_3' title="bbox 349 4221 456 4272">
    <p class='ocr_par' dir='ltr' id='par_1_10' title="bbox 349 4221 456 4272">
     <span class='ocr_line' id='line_1_37' title="bbox 349 4221 456 4272; baseline -0.009 0"><span class='ocrx_word' id='word_1_402' title='bbox 349 4221 456 4272; x_wconf 79' lang='grc'>27113</span> 
     </span>
    </p>
   </div>
   <div class='ocr_carea' id='block_1_4' title="bbox 318 4338 1443 4684">
    <p class='ocr_par' dir='ltr' id='par_1_11' title="bbox 318 4338 1443 4684">
     <span class='ocr_line' id='line_1_38' title="bbox 350 4338 1443 4408; baseline -0.001 -19"><span class='ocrx_word' id='word_1_403' title='bbox 350 4338 636 4397; x_wconf 76' lang='grc' dir='ltr'>ΝΟῙά).λά,ἀιιιίια.</span> <span class='ocrx_word' id='word_1_404' title='bbox 654 4345 677 4390; x_wconf 82' lang='grc' dir='ltr'>Α</span> <span class='ocrx_word' id='word_1_405' title='bbox 741 4343 909 4392; x_wconf 72' lang='grc' dir='ltr'>4τε).ειάνΜ</span> <span class='ocrx_word' id='word_1_406' title='bbox 976 4342 1017 4393; x_wconf 87' lang='grc'>7-8</span> <span class='ocrx_word' id='word_1_407' title='bbox 1035 4341 1219 4408; x_wconf 79' lang='grc' dir='ltr'>παρασκευάζει</span> <span class='ocrx_word' id='word_1_408' title='bbox 1239 4340 1266 4389; x_wconf 87' lang='grc' dir='ltr'>Μ</span> <span class='ocrx_word' id='word_1_409' title='bbox 1334 4341 1365 4388; x_wconf 85' lang='grc'>15</span> <span class='ocrx_word' id='word_1_410' title='bbox 1385 4358 1443 4402; x_wconf 74' lang='grc' dir='ltr'>μοι·</span> 
     </span>
     <span class='ocr_line' id='line_1_39' title="bbox 320 4410 1441 4478; baseline -0.003 -16"><span class='ocrx_word' id='word_1_411' title='bbox 320 4422 455 4478; x_wconf 78' lang='grc' dir='ltr'>ρηγενετιῐιν</span> <span class='ocrx_word' id='word_1_412' title='bbox 471 4413 532 4462; x_wconf 87' lang='lat' dir='ltr'>libri</span> <span class='ocrx_word' id='word_1_413' title='bbox 595 4413 623 4462; x_wconf 80' lang='lat'>21</span> <span class='ocrx_word' id='word_1_414' title='bbox 639 4421 681 4475; x_wconf 75' lang='grc' dir='ltr'>τῆς</span> <span class='ocrx_word' id='word_1_415' title='bbox 695 4420 757 4476; x_wconf 79' lang='grc' dir='ltr'>ζωῆς</span> <span class='ocrx_word' id='word_1_416' title='bbox 768 4416 846 4476; x_wconf 80' lang='grc' dir='ltr'>τῆςΑ</span> <span class='ocrx_word' id='word_1_417' title='bbox 911 4412 941 4463; x_wconf 77' lang='grc'>22</span> <span class='ocrx_word' id='word_1_418' title='bbox 957 4414 999 4476; x_wconf 79' lang='grc' dir='ltr'>μέν</span> <span class='ocrx_word' id='word_1_419' title='bbox 1012 4427 1066 4464; x_wconf 85' lang='lat' dir='ltr'>om.</span> <span class='ocrx_word' id='word_1_420' title='bbox 1081 4414 1108 4462; x_wconf 89' lang='grc' dir='ltr'>Μ</span> <span class='ocrx_word' id='word_1_421' title='bbox 1176 4415 1348 4478; x_wconf 81' lang='grc' dir='ltr'>μοιρηγενὲται</span> <span class='ocrx_word' id='word_1_422' title='bbox 1359 4410 1441 4460; x_wconf 83' lang='lat' dir='ltr'>libri:</span> 
     </span>
     <span class='ocr_line' id='line_1_40' title="bbox 318 4481 1443 4548; baseline 0.001 -17"><span class='ocrx_word' id='word_1_423' title='bbox 318 4484 354 4533; x_wconf 78' lang='lat' dir='ltr'>cf.</span> <span class='ocrx_word' id='word_1_424' title='bbox 369 4481 400 4532; x_wconf 84' lang='lat'>15</span> <span class='ocrx_word' id='word_1_425' title='bbox 463 4484 493 4533; x_wconf 80' lang='lat'>23</span> <span class='ocrx_word' id='word_1_426' title='bbox 513 4487 574 4542; x_wconf 80' lang='grc' dir='ltr'>ἴσως</span> <span class='ocrx_word' id='word_1_427' title='bbox 589 4487 667 4534; x_wconf 86' lang='grc' dir='ltr'>λείπει</span> <span class='ocrx_word' id='word_1_428' title='bbox 683 4483 786 4535; x_wconf 75' lang='grc' dir='ltr'>ἐνταῦθά</span> <span class='ocrx_word' id='word_1_429' title='bbox 800 4483 902 4534; x_wconf 80' lang='grc' dir='ltr'>τιΕἰΙ]</span> <span class='ocrx_word' id='word_1_430' title='bbox 918 4485 1040 4548; x_wconf 79' lang='lat' dir='ltr'>margine</span> <span class='ocrx_word' id='word_1_431' title='bbox 1104 4484 1135 4533; x_wconf 85' lang='grc'>30</span> <span class='ocrx_word' id='word_1_432' title='bbox 1149 4481 1229 4548; x_wconf 59' lang='lat' dir='ltr'>We</span> <span class='ocrx_word' id='word_1_433' title='bbox 1244 4486 1280 4532; x_wconf 67' lang='grc' dir='ltr'>Αι</span> <span class='ocrx_word' id='word_1_434' title='bbox 1346 4482 1443 4548; x_wconf 80' lang='grc' dir='ltr'>31γάρ</span> 
     </span>
     <span class='ocr_line' id='line_1_41' title="bbox 318 4550 1442 4622; baseline -0.001 -17"><span class='ocrx_word' id='word_1_435' title='bbox 318 4555 418 4605; x_wconf 88' lang='lat' dir='ltr'><strong>om.M</strong></span> <span class='ocrx_word' id='word_1_436' title='bbox 483 4555 513 4605; x_wconf 77' lang='lat'>32</span> <span class='ocrx_word' id='word_1_437' title='bbox 527 4553 627 4618; x_wconf 71' lang='grc' dir='ltr'>ἑαυτοῦ]</span> <span class='ocrx_word' id='word_1_438' title='bbox 642 4556 717 4607; x_wconf 74' lang='grc' dir='ltr'>αὑτοῦ</span> <span class='ocrx_word' id='word_1_439' title='bbox 733 4556 761 4605; x_wconf 94' lang='grc' dir='ltr'>Μ</span> <span class='ocrx_word' id='word_1_440' title='bbox 828 4556 857 4604; x_wconf 86' lang='grc'>33</span> <span class='ocrx_word' id='word_1_441' title='bbox 875 4550 1090 4622; x_wconf 82' lang='grc' dir='ltr'>οίονγάρδεῖείς</span> <span class='ocrx_word' id='word_1_442' title='bbox 1109 4556 1137 4605; x_wconf 89' lang='grc' dir='ltr'>Μ</span> <span class='ocrx_word' id='word_1_443' title='bbox 1202 4556 1232 4604; x_wconf 84' lang='grc'>35</span> <span class='ocrx_word' id='word_1_444' title='bbox 1249 4554 1292 4605; x_wconf 83' lang='grc' dir='ltr'>ἐάν</span> <span class='ocrx_word' id='word_1_445' title='bbox 1309 4553 1353 4616; x_wconf 78' lang='grc' dir='ltr'>μέν</span> <span class='ocrx_word' id='word_1_446' title='bbox 1366 4552 1442 4604; x_wconf 81' lang='grc' dir='ltr'>ούνά</span> 
     </span>
     <span class='ocr_line' id='line_1_42' title="bbox 319 4624 437 4684; baseline -0.034 -6"><span class='ocrx_word' id='word_1_447' title='bbox 319 4624 392 4684; x_wconf 67' lang='grc' dir='ltr'>αὐτὸς</span> <span class='ocrx_word' id='word_1_448' title='bbox 411 4626 437 4674; x_wconf 93' lang='grc' dir='ltr'>Μ</span> 
     </span>
    </p>
   </div>
   <div class='ocr_carea' id='block_1_5' title="bbox 0 0 1580 5504">
    <p class='ocr_par' dir='ltr' id='par_1_12' title="bbox 0 0 1580 5504">
     <span class='ocr_line' id='line_1_43' title="bbox 0 0 1580 5504; baseline 0 2"><span class='ocrx_word' id='word_1_449' title='bbox 0 0 1580 5504; x_wconf 95' lang='lat' dir='ltr'> </span> 
     </span>
    </p>
   </div>
  </div>
 </body>
</html>
