<?xml version="1.0" encoding="UTF-8"?>
<!DOCTYPE html PUBLIC "-//W3C//DTD XHTML 1.0 Transitional//EN"
    "http://www.w3.org/TR/xhtml1/DTD/xhtml1-transitional.dtd">
<html xmlns="http://www.w3.org/1999/xhtml" xml:lang="en" lang="en">
 <head>
  <title>
</title>
<meta http-equiv="Content-Type" content="text/html;charset=utf-8" />
  <meta name='ocr-system' content='tesseract 3.04.00' />
  <meta name='ocr-capabilities' content='ocr_page ocr_carea ocr_par ocr_line ocrx_word'/>
</head>
<body>
  <div class='ocr_page' id='page_1' title='image "./hermiaealexandr00alexgoog_0028.png"; bbox 0 0 3248 5512; ppageno 0'>
   <div class='ocr_carea' id='block_1_1' title="bbox 708 522 1391 586">
    <p class='ocr_par' dir='ltr' id='par_1_1' title="bbox 708 522 1391 586">
     <span class='ocr_line' id='line_1_1' title="bbox 708 522 1391 586; baseline 0.01 -15"><span class='ocrx_word' id='word_1_1' title='bbox 708 522 951 573; x_wconf 75' lang='lat' dir='ltr'><strong>raotuuouurta</strong></span> <span class='ocrx_word' id='word_1_2' title='bbox 1353 552 1391 586; x_wconf 74' lang='lat' dir='ltr'><strong>vn</strong></span> 
     </span>
    </p>
   </div>
   <div class='ocr_carea' id='block_1_2' title="bbox 272 683 1392 772">
    <p class='ocr_par' dir='ltr' id='par_1_2' title="bbox 272 671 1392 772">
     <span class='ocr_line' id='line_1_2' title="bbox 272 683 1392 772; baseline 0.005 -24"><span class='ocrx_word' id='word_1_3' title='bbox 272 688 340 769; x_wconf 91' lang='lat' dir='ltr'><strong>pari</strong></span> <span class='ocrx_word' id='word_1_4' title='bbox 365 708 438 767; x_wconf 88' lang='lat' dir='ltr'><strong>erga</strong></span> <span class='ocrx_word' id='word_1_5' title='bbox 460 686 592 746; x_wconf 89' lang='lat' dir='ltr'><strong>miseros</strong></span> <span class='ocrx_word' id='word_1_6' title='bbox 613 685 807 744; x_wconf 77' lang='lat' dir='ltr'><strong>liberalitate.</strong></span> <span class='ocrx_word' id='word_1_7' title='bbox 827 683 932 766; x_wconf 90' lang='lat' dir='ltr'><strong>ltaque</strong></span> <span class='ocrx_word' id='word_1_8' title='bbox 953 687 1106 770; x_wconf 81' lang='lat' dir='ltr'>conjicere</span> <span class='ocrx_word' id='word_1_9' title='bbox 1125 713 1294 772; x_wconf 89' lang='lat' dir='ltr'><strong>possumus</strong></span> <span class='ocrx_word' id='word_1_10' title='bbox 1310 694 1392 755; x_wconf 92' lang='lat' dir='ltr'><strong>Her·</strong></span> 
     </span>
    </p>
   </div>
   <div class='ocr_carea' id='block_1_3' title="bbox 265 795 1446 4330">
    <p class='ocr_par' dir='ltr' id='par_1_3' title="bbox 269 795 1393 2927">
     <span class='ocr_line' id='line_1_3' title="bbox 273 795 1391 885; baseline 0.009 -29"><span class='ocrx_word' id='word_1_11' title='bbox 273 797 362 856; x_wconf 90' lang='lat' dir='ltr'><strong>miam</strong></span> <span class='ocrx_word' id='word_1_12' title='bbox 386 796 504 856; x_wconf 77' lang='lat' dir='ltr'><strong>felicem</strong></span> <span class='ocrx_word' id='word_1_13' title='bbox 529 795 786 875; x_wconf 76' lang='lat' dir='ltr'><strong>tranquillamque</strong></span> <span class='ocrx_word' id='word_1_14' title='bbox 805 796 898 855; x_wconf 86' lang='lat' dir='ltr'><strong>vitam</strong></span> <span class='ocrx_word' id='word_1_15' title='bbox 928 800 1030 878; x_wconf 85' lang='lat' dir='ltr'><strong>egisse</strong></span> <span class='ocrx_word' id='word_1_16' title='bbox 1048 823 1172 883; x_wconf 90' lang='lat' dir='ltr'><strong>:neque</strong></span> <span class='ocrx_word' id='word_1_17' title='bbox 1194 805 1273 863; x_wconf 88' lang='lat' dir='ltr'><strong>enim</strong></span> <span class='ocrx_word' id='word_1_18' title='bbox 1297 808 1391 885; x_wconf 93' lang='lat' dir='ltr'><strong>quid-</strong></span> 
     </span>
     <span class='ocr_line' id='line_1_4' title="bbox 274 903 1392 993; baseline 0.01 -31"><span class='ocrx_word' id='word_1_19' title='bbox 274 924 363 983; x_wconf 89' lang='lat' dir='ltr'><strong>quam</strong></span> <span class='ocrx_word' id='word_1_20' title='bbox 379 906 416 964; x_wconf 86' lang='lat' dir='ltr'><strong>de</strong></span> <span class='ocrx_word' id='word_1_21' title='bbox 428 924 464 962; x_wconf 90' lang='lat' dir='ltr'><strong>eo</strong></span> <span class='ocrx_word' id='word_1_22' title='bbox 478 903 527 961; x_wconf 79' lang='lat' dir='ltr'><strong>nel</strong></span> <span class='ocrx_word' id='word_1_23' title='bbox 543 903 693 961; x_wconf 88' lang='lat' dir='ltr'><strong>incertum</strong></span> <span class='ocrx_word' id='word_1_24' title='bbox 710 903 862 962; x_wconf 82' lang='lat' dir='ltr'><strong>audimus.</strong></span> <span class='ocrx_word' id='word_1_25' title='bbox 880 903 957 964; x_wconf 90' lang='lat' dir='ltr'><strong>Nam</strong></span> <span class='ocrx_word' id='word_1_26' title='bbox 976 910 1059 985; x_wconf 93' lang='lat' dir='ltr'><strong>quod</strong></span> <span class='ocrx_word' id='word_1_27' title='bbox 1075 907 1186 970; x_wconf 90' lang='lat' dir='ltr'><strong>Suidas</strong></span> <span class='ocrx_word' id='word_1_28' title='bbox 1208 932 1245 970; x_wconf 86' lang='lat' dir='ltr'><strong>ex</strong></span> <span class='ocrx_word' id='word_1_29' title='bbox 1260 912 1392 993; x_wconf 85' lang='lat' dir='ltr'><strong>Agathia</strong></span> 
     </span>
     <span class='ocr_line' id='line_1_5' title="bbox 273 1012 1391 1096; baseline 0.007 -24"><span class='ocrx_word' id='word_1_30' title='bbox 273 1027 387 1086; x_wconf 91' lang='lat' dir='ltr'><strong>narrat,</strong></span> <span class='ocrx_word' id='word_1_31' title='bbox 406 1013 562 1072; x_wconf 90' lang='lat' dir='ltr'><strong>Hermiam</strong></span> <span class='ocrx_word' id='word_1_32' title='bbox 579 1013 741 1091; x_wconf 91' lang='lat' dir='ltr'><strong>quemdam</strong></span> <span class='ocrx_word' id='word_1_33' title='bbox 763 1013 794 1069; x_wconf 91' lang='lat' dir='ltr'><strong>in</strong></span> <span class='ocrx_word' id='word_1_34' title='bbox 817 1012 945 1072; x_wconf 84' lang='lat' dir='ltr'><strong>Persam</strong></span> <span class='ocrx_word' id='word_1_35' title='bbox 970 1015 1102 1096; x_wconf 87' lang='lat' dir='ltr'><strong>legatum</strong></span> <span class='ocrx_word' id='word_1_36' title='bbox 1127 1020 1223 1079; x_wconf 80' lang='lat' dir='ltr'><strong>luisse</strong></span> <span class='ocrx_word' id='word_1_37' title='bbox 1239 1041 1306 1079; x_wconf 92' lang='lat' dir='ltr'><strong>cum</strong></span> <span class='ocrx_word' id='word_1_38' title='bbox 1322 1021 1391 1080; x_wconf 93' lang='lat' dir='ltr'><strong>aliis</strong></span> 
     </span>
     <span class='ocr_line' id='line_1_6' title="bbox 271 1119 1392 1206; baseline 0.007 -27"><span class='ocrx_word' id='word_1_39' title='bbox 271 1119 479 1200; x_wconf 90' lang='lat' dir='ltr'><strong>philosophis,</strong></span> <span class='ocrx_word' id='word_1_40' title='bbox 496 1140 557 1178; x_wconf 95' lang='lat' dir='ltr'><strong>non</strong></span> <span class='ocrx_word' id='word_1_41' title='bbox 573 1121 610 1180; x_wconf 93' lang='lat' dir='ltr'><strong>ad</strong></span> <span class='ocrx_word' id='word_1_42' title='bbox 628 1133 767 1178; x_wconf 88' lang='lat' dir='ltr'><strong>nostrum</strong></span> <span class='ocrx_word' id='word_1_43' title='bbox 780 1120 902 1180; x_wconf 90' lang='lat' dir='ltr'><strong>videtur</strong></span> <span class='ocrx_word' id='word_1_44' title='bbox 916 1123 1084 1201; x_wconf 90' lang='lat' dir='ltr'><strong>pertinere,</strong></span> <span class='ocrx_word' id='word_1_45' title='bbox 1101 1145 1169 1183; x_wconf 92' lang='lat' dir='ltr'><strong>cum</strong></span> <span class='ocrx_word' id='word_1_46' title='bbox 1192 1147 1291 1206; x_wconf 91' lang='lat' dir='ltr'><strong>neque</strong></span> <span class='ocrx_word' id='word_1_47' title='bbox 1313 1140 1392 1187; x_wconf 91' lang='lat' dir='ltr'><strong>tem·</strong></span> 
     </span>
     <span class='ocr_line' id='line_1_7' title="bbox 270 1225 1391 1306; baseline 0.007 -21"><span class='ocrx_word' id='word_1_48' title='bbox 270 1247 347 1306; x_wconf 93' lang='lat' dir='ltr'><strong>pora</strong></span> <span class='ocrx_word' id='word_1_49' title='bbox 362 1235 519 1285; x_wconf 88' lang='lat' dir='ltr'><strong>constent¹</strong></span> <span class='ocrx_word' id='word_1_50' title='bbox 538 1239 567 1285; x_wconf 88' lang='lat' dir='ltr'><strong>et</strong></span> <span class='ocrx_word' id='word_1_51' title='bbox 583 1225 634 1284; x_wconf 90' lang='lat' dir='ltr'><strong>ille</strong></span> <span class='ocrx_word' id='word_1_52' title='bbox 658 1246 674 1284; x_wconf 92' lang='lat' dir='ltr'><strong>e</strong></span> <span class='ocrx_word' id='word_1_53' title='bbox 700 1225 858 1285; x_wconf 85' lang='lat' dir='ltr'><strong>Phoenicia</strong></span> <span class='ocrx_word' id='word_1_54' title='bbox 884 1227 980 1287; x_wconf 86' lang='lat' dir='ltr'><strong>luisse</strong></span> <span class='ocrx_word' id='word_1_55' title='bbox 1000 1231 1101 1303; x_wconf 82' lang='lat' dir='ltr'><strong>dictus</strong></span> <span class='ocrx_word' id='word_1_56' title='bbox 1124 1232 1174 1291; x_wconf 88' lang='lat' dir='ltr'><strong>sit.</strong></span> <span class='ocrx_word' id='word_1_57' title='bbox 1201 1232 1268 1291; x_wconf 90' lang='lat' dir='ltr'><strong>Hoc</strong></span> <span class='ocrx_word' id='word_1_58' title='bbox 1291 1234 1391 1294; x_wconf 88' lang='lat' dir='ltr'><strong>solum</strong></span> 
     </span>
     <span class='ocr_line' id='line_1_8' title="bbox 272 1332 1393 1414; baseline 0.008 -22"><span class='ocrx_word' id='word_1_59' title='bbox 272 1335 483 1414; x_wconf 89' lang='lat' dir='ltr'><strong>credipotest,</strong></span> <span class='ocrx_word' id='word_1_60' title='bbox 501 1353 569 1393; x_wconf 87' lang='lat' dir='ltr'><strong>eum</strong></span> <span class='ocrx_word' id='word_1_61' title='bbox 584 1333 707 1413; x_wconf 87' lang='lat' dir='ltr'><strong>publice</strong></span> <span class='ocrx_word' id='word_1_62' title='bbox 721 1332 915 1394; x_wconf 70' lang='lat' dir='ltr'><strong>Alexandria</strong></span> <span class='ocrx_word' id='word_1_63' title='bbox 931 1338 1086 1410; x_wconf 82' lang='lat' dir='ltr'><strong>docuisse,</strong></span> <span class='ocrx_word' id='word_1_64' title='bbox 1097 1359 1166 1397; x_wconf 89' lang='lat' dir='ltr'><strong>cum</strong></span> <span class='ocrx_word' id='word_1_65' title='bbox 1182 1342 1219 1399; x_wconf 92' lang='lat' dir='ltr'><strong>de</strong></span> <span class='ocrx_word' id='word_1_66' title='bbox 1231 1342 1314 1400; x_wconf 86' lang='lat' dir='ltr'><strong>victu</strong></span> <span class='ocrx_word' id='word_1_67' title='bbox 1332 1343 1359 1401; x_wconf 91' lang='lat' dir='ltr'><strong>ei</strong></span> <span class='ocrx_word' id='word_1_68' title='bbox 1375 1363 1393 1401; x_wconf 93' lang='lat' dir='ltr'><strong>a</strong></span> 
     </span>
     <span class='ocr_line' id='line_1_9' title="bbox 271 1438 1392 1518; baseline 0.008 -20"><span class='ocrx_word' id='word_1_69' title='bbox 271 1441 391 1499; x_wconf 89' lang='lat' dir='ltr'><strong>civibus</strong></span> <span class='ocrx_word' id='word_1_70' title='bbox 402 1442 472 1500; x_wconf 89' lang='lat' dir='ltr'><strong>dato</strong></span> <span class='ocrx_word' id='word_1_71' title='bbox 480 1439 623 1518; x_wconf 89' lang='lat' dir='ltr'><strong>loquatur</strong></span> <span class='ocrx_word' id='word_1_72' title='bbox 644 1438 771 1511; x_wconf 89' lang='lat' dir='ltr'><strong>Suidas;</strong></span> <span class='ocrx_word' id='word_1_73' title='bbox 791 1439 848 1499; x_wconf 91' lang='lat' dir='ltr'><strong>hoc</strong></span> <span class='ocrx_word' id='word_1_74' title='bbox 868 1461 943 1500; x_wconf 86' lang='lat' dir='ltr'><strong>vero</strong></span> <span class='ocrx_word' id='word_1_75' title='bbox 959 1456 1087 1516; x_wconf 87' lang='lat' dir='ltr'><strong>certum,</strong></span> <span class='ocrx_word' id='word_1_76' title='bbox 1101 1465 1169 1504; x_wconf 89' lang='lat' dir='ltr'><strong>eum</strong></span> <span class='ocrx_word' id='word_1_77' title='bbox 1184 1459 1253 1506; x_wconf 89' lang='lat' dir='ltr'><strong>ante</strong></span> <span class='ocrx_word' id='word_1_78' title='bbox 1266 1468 1392 1507; x_wconf 85' lang='lat' dir='ltr'><strong>uxorem</strong></span> 
     </span>
     <span class='ocr_line' id='line_1_10' title="bbox 272 1546 1391 1630; baseline 0.009 -25"><span class='ocrx_word' id='word_1_79' title='bbox 272 1560 425 1606; x_wconf 88' lang='lat' dir='ltr'><strong>mortuum</strong></span> <span class='ocrx_word' id='word_1_80' title='bbox 445 1566 514 1605; x_wconf 89' lang='lat' dir='ltr'><strong>esse</strong></span> <span class='ocrx_word' id='word_1_81' title='bbox 531 1548 671 1625; x_wconf 90' lang='lat' dir='ltr'><strong>duosque</strong></span> <span class='ocrx_word' id='word_1_82' title='bbox 691 1546 783 1618; x_wconf 88' lang='lat' dir='ltr'><strong>lilios,</strong></span> <span class='ocrx_word' id='word_1_83' title='bbox 801 1546 997 1609; x_wconf 86' lang='lat' dir='ltr'><strong>Ammonium</strong></span> <span class='ocrx_word' id='word_1_84' title='bbox 1020 1564 1050 1610; x_wconf 89' lang='lat' dir='ltr'><strong>et</strong></span> <span class='ocrx_word' id='word_1_85' title='bbox 1070 1551 1284 1630; x_wconf 80' lang='lat' dir='ltr'><strong>Heliodorum,</strong></span> <span class='ocrx_word' id='word_1_86' title='bbox 1301 1556 1391 1614; x_wconf 91' lang='lat' dir='ltr'><strong>etiam</strong></span> 
     </span>
     <span class='ocr_line' id='line_1_11' title="bbox 271 1654 1392 1742; baseline 0.009 -29"><span class='ocrx_word' id='word_1_87' title='bbox 271 1666 334 1713; x_wconf 89' lang='lat' dir='ltr'><strong>tum</strong></span> <span class='ocrx_word' id='word_1_88' title='bbox 356 1654 503 1732; x_wconf 82' lang='lat' dir='ltr'><strong>parvulos</strong></span> <span class='ocrx_word' id='word_1_89' title='bbox 522 1654 699 1732; x_wconf 91' lang='lat' dir='ltr'><strong>reliquisse,</strong></span> <span class='ocrx_word' id='word_1_90' title='bbox 718 1654 771 1733; x_wconf 93' lang='lat' dir='ltr'><strong>qui</strong></span> <span class='ocrx_word' id='word_1_91' title='bbox 791 1657 881 1713; x_wconf 93' lang='lat' dir='ltr'><strong>ambo</strong></span> <span class='ocrx_word' id='word_1_92' title='bbox 898 1669 1006 1735; x_wconf 90' lang='lat' dir='ltr'><strong>postea</strong></span> <span class='ocrx_word' id='word_1_93' title='bbox 1026 1658 1117 1739; x_wconf 91' lang='lat' dir='ltr'><strong>longe</strong></span> <span class='ocrx_word' id='word_1_94' title='bbox 1138 1658 1284 1741; x_wconf 78' lang='lat' dir='ltr'><strong>majorem</strong></span> <span class='ocrx_word' id='word_1_95' title='bbox 1304 1677 1392 1742; x_wconf 86' lang='lat' dir='ltr'><strong>petre</strong></span> 
     </span>
     <span class='ocr_line' id='line_1_12' title="bbox 271 1761 1392 1845; baseline 0.009 -26"><span class='ocrx_word' id='word_1_96' title='bbox 271 1761 401 1841; x_wconf 83' lang='lat' dir='ltr'><strong>gloriam</strong></span> <span class='ocrx_word' id='word_1_97' title='bbox 423 1762 526 1841; x_wconf 86' lang='lat' dir='ltr'><strong>adepti</strong></span> <span class='ocrx_word' id='word_1_98' title='bbox 550 1775 631 1820; x_wconf 88' lang='lat' dir='ltr'><strong>sunt.</strong></span> <span class='ocrx_word' id='word_1_99' title='bbox 656 1761 732 1820; x_wconf 85' lang='lat' dir='ltr'><strong>Nam</strong></span> <span class='ocrx_word' id='word_1_100' title='bbox 754 1783 822 1821; x_wconf 91' lang='lat' dir='ltr'><strong>cum</strong></span> <span class='ocrx_word' id='word_1_101' title='bbox 846 1765 873 1822; x_wconf 96' lang='lat' dir='ltr'><strong>ei</strong></span> <span class='ocrx_word' id='word_1_102' title='bbox 895 1776 1017 1845; x_wconf 90' lang='lat' dir='ltr'><strong>tempus</strong></span> <span class='ocrx_word' id='word_1_103' title='bbox 1040 1768 1190 1827; x_wconf 83' lang='lat' dir='ltr'><strong>defuisset</strong></span> <span class='ocrx_word' id='word_1_104' title='bbox 1211 1782 1244 1828; x_wconf 92' lang='lat' dir='ltr'><strong>ut</strong></span> <span class='ocrx_word' id='word_1_105' title='bbox 1259 1769 1392 1829; x_wconf 69' lang='lat' dir='ltr'><strong>filios&#39;in</strong></span> 
     </span>
     <span class='ocr_line' id='line_1_13' title="bbox 270 1867 1392 1949; baseline 0.01 -23"><span class='ocrx_word' id='word_1_106' title='bbox 270 1867 468 1949; x_wconf 88' lang='lat' dir='ltr'><strong>philosophia</strong></span> <span class='ocrx_word' id='word_1_107' title='bbox 492 1869 678 1940; x_wconf 85' lang='lat' dir='ltr'><strong>institueret,</strong></span> <span class='ocrx_word' id='word_1_108' title='bbox 705 1869 736 1928; x_wconf 94' lang='lat' dir='ltr'><strong>id</strong></span> <span class='ocrx_word' id='word_1_109' title='bbox 760 1869 889 1929; x_wconf 86' lang='lat' dir='ltr'><strong>AEdesia</strong></span> <span class='ocrx_word' id='word_1_110' title='bbox 918 1873 1001 1930; x_wconf 93' lang='lat' dir='ltr'><strong>omni</strong></span> <span class='ocrx_word' id='word_1_111' title='bbox 1025 1874 1127 1933; x_wconf 92' lang='lat' dir='ltr'><strong>animo</strong></span> <span class='ocrx_word' id='word_1_112' title='bbox 1151 1877 1269 1935; x_wconf 87' lang='lat' dir='ltr'><strong>curavit</strong></span> <span class='ocrx_word' id='word_1_113' title='bbox 1290 1890 1323 1936; x_wconf 89' lang='lat' dir='ltr'><strong>ut</strong></span> <span class='ocrx_word' id='word_1_114' title='bbox 1347 1879 1392 1936; x_wconf 90' lang='lat' dir='ltr'><strong>eis</strong></span> 
     </span>
     <span class='ocr_line' id='line_1_14' title="bbox 270 1974 1392 2061; baseline 0.008 -28"><span class='ocrx_word' id='word_1_115' title='bbox 270 1975 368 2054; x_wconf 91' lang='lat' dir='ltr'><strong>patris</strong></span> <span class='ocrx_word' id='word_1_116' title='bbox 391 1975 550 2034; x_wconf 88' lang='lat' dir='ltr'><strong>scientiam</strong></span> <span class='ocrx_word' id='word_1_117' title='bbox 568 1976 657 2055; x_wconf 90' lang='lat' dir='ltr'><strong>quasi</strong></span> <span class='ocrx_word' id='word_1_118' title='bbox 677 1974 836 2035; x_wconf 90' lang='lat' dir='ltr'><strong>heredium</strong></span> <span class='ocrx_word' id='word_1_119' title='bbox 857 1979 1003 2050; x_wconf 89' lang='lat' dir='ltr'><strong>traderet,</strong></span> <span class='ocrx_word' id='word_1_120' title='bbox 1024 1981 1208 2061; x_wconf 86' lang='lat' dir='ltr'><strong>videturque</strong></span> <span class='ocrx_word' id='word_1_121' title='bbox 1228 1983 1290 2041; x_wconf 85' lang='lat' dir='ltr'><strong>haec</strong></span> <span class='ocrx_word' id='word_1_122' title='bbox 1313 2004 1392 2043; x_wconf 90' lang='lat' dir='ltr'><strong>nova</strong></span> 
     </span>
     <span class='ocr_line' id='line_1_15' title="bbox 272 2086 1391 2178; baseline 0.008 -33"><span class='ocrx_word' id='word_1_123' title='bbox 272 2088 326 2145; x_wconf 90' lang='lat' dir='ltr'><strong>sed</strong></span> <span class='ocrx_word' id='word_1_124' title='bbox 342 2087 436 2146; x_wconf 88' lang='lat' dir='ltr'><strong>multo</strong></span> <span class='ocrx_word' id='word_1_125' title='bbox 452 2088 556 2147; x_wconf 90' lang='lat' dir='ltr'><strong>mitior</strong></span> <span class='ocrx_word' id='word_1_126' title='bbox 571 2086 716 2147; x_wconf 92' lang='lat' dir='ltr'><strong>Cornelia</strong></span> <span class='ocrx_word' id='word_1_127' title='bbox 733 2100 805 2148; x_wconf 92' lang='lat' dir='ltr'><strong>tuuc</strong></span> <span class='ocrx_word' id='word_1_128' title='bbox 827 2090 955 2178; x_wconf 75' lang='lat' dir='ltr'><strong>quime</strong></span> <span class='ocrx_word' id='word_1_129' title='bbox 974 2092 1112 2152; x_wconf 89' lang='lat' dir='ltr'><strong>miranda</strong></span> <span class='ocrx_word' id='word_1_130' title='bbox 1133 2093 1240 2165; x_wconf 89' lang='lat' dir='ltr'><strong>luisse,</strong></span> <span class='ocrx_word' id='word_1_131' title='bbox 1262 2116 1339 2174; x_wconf 92' lang='lat' dir='ltr'><strong>quae</strong></span> <span class='ocrx_word' id='word_1_132' title='bbox 1360 2097 1391 2154; x_wconf 90' lang='lat' dir='ltr'><strong>in</strong></span> 
     </span>
     <span class='ocr_line' id='line_1_16' title="bbox 270 2195 1391 2282; baseline 0.006 -28"><span class='ocrx_word' id='word_1_133' title='bbox 270 2197 380 2256; x_wconf 88' lang='lat' dir='ltr'><strong>iisdem</strong></span> <span class='ocrx_word' id='word_1_134' title='bbox 405 2216 530 2276; x_wconf 89' lang='lat' dir='ltr'><strong>semper</strong></span> <span class='ocrx_word' id='word_1_135' title='bbox 553 2195 799 2266; x_wconf 85' lang='lat' dir='ltr'><strong>liberalitatibus,</strong></span> <span class='ocrx_word' id='word_1_136' title='bbox 826 2218 999 2276; x_wconf 88' lang='lat' dir='ltr'><strong>quanquam</strong></span> <span class='ocrx_word' id='word_1_137' title='bbox 1025 2199 1106 2259; x_wconf 92' lang='lat' dir='ltr'><strong>haud</strong></span> <span class='ocrx_word' id='word_1_138' title='bbox 1131 2222 1240 2281; x_wconf 88' lang='lat' dir='ltr'><strong>magna</strong></span> <span class='ocrx_word' id='word_1_139' title='bbox 1263 2196 1391 2282; x_wconf 70' lang='lat' dir='ltr'><strong>praedita</strong></span> 
     </span>
     <span class='ocr_line' id='line_1_17' title="bbox 272 2303 1391 2388; baseline 0.007 -27"><span class='ocrx_word' id='word_1_140' title='bbox 272 2304 403 2372; x_wconf 81' lang='lat' dir='ltr'><strong>fortuna,</strong></span> <span class='ocrx_word' id='word_1_141' title='bbox 430 2315 587 2383; x_wconf 82' lang='lat' dir='ltr'><strong>pergeret,</strong></span> <span class='ocrx_word' id='word_1_142' title='bbox 620 2303 772 2383; x_wconf 87' lang='lat' dir='ltr'><strong>simulque</strong></span> <span class='ocrx_word' id='word_1_143' title='bbox 801 2303 892 2374; x_wconf 88' lang='lat' dir='ltr'><strong>filios,</strong></span> <span class='ocrx_word' id='word_1_144' title='bbox 924 2305 1038 2365; x_wconf 92' lang='lat' dir='ltr'><strong>Proclo</strong></span> <span class='ocrx_word' id='word_1_145' title='bbox 1064 2306 1237 2388; x_wconf 85' lang='lat' dir='ltr'><strong>adjuvante,</strong></span> <span class='ocrx_word' id='word_1_146' title='bbox 1266 2310 1303 2367; x_wconf 86' lang='lat' dir='ltr'><strong>ad</strong></span> <span class='ocrx_word' id='word_1_147' title='bbox 1331 2310 1391 2369; x_wconf 87' lang='lat' dir='ltr'><strong>viri</strong></span> 
     </span>
     <span class='ocr_line' id='line_1_18' title="bbox 269 2412 1391 2492; baseline 0.003 -21"><span class='ocrx_word' id='word_1_148' title='bbox 269 2425 385 2472; x_wconf 84' lang='lat' dir='ltr'><strong>aetatem</strong></span> <span class='ocrx_word' id='word_1_149' title='bbox 402 2415 567 2472; x_wconf 86' lang='lat' dir='ltr'><strong>deduceret</strong></span> <span class='ocrx_word' id='word_1_150' title='bbox 585 2426 614 2471; x_wconf 90' lang='lat' dir='ltr'><strong>et</strong></span> <span class='ocrx_word' id='word_1_151' title='bbox 634 2414 701 2492; x_wconf 89' lang='lat' dir='ltr'><strong>ipsa</strong></span> <span class='ocrx_word' id='word_1_152' title='bbox 720 2412 869 2485; x_wconf 87' lang='lat' dir='ltr'><strong>Athenas,</strong></span> <span class='ocrx_word' id='word_1_153' title='bbox 886 2433 948 2492; x_wconf 93' lang='lat' dir='ltr'><strong>quo</strong></span> <span class='ocrx_word' id='word_1_154' title='bbox 971 2413 1089 2472; x_wconf 84' lang='lat' dir='ltr'><strong>facilius</strong></span> <span class='ocrx_word' id='word_1_155' title='bbox 1110 2415 1277 2487; x_wconf 88' lang='lat' dir='ltr'><strong>discerent,</strong></span> <span class='ocrx_word' id='word_1_156' title='bbox 1294 2414 1391 2474; x_wconf 91' lang='lat' dir='ltr'><strong>comi-</strong></span> 
     </span>
     <span class='ocr_line' id='line_1_19' title="bbox 269 2519 1390 2598; baseline -0.001 -18"><span class='ocrx_word' id='word_1_157' title='bbox 269 2533 396 2585; x_wconf 81' lang='lat' dir='ltr'><strong>teretur.</strong></span> <span class='ocrx_word' id='word_1_158' title='bbox 423 2519 469 2579; x_wconf 91' lang='lat' dir='ltr'><strong>De</strong></span> <span class='ocrx_word' id='word_1_159' title='bbox 493 2519 657 2579; x_wconf 86' lang='lat' dir='ltr'><strong>Ammonio</strong></span> <span class='ocrx_word' id='word_1_160' title='bbox 680 2519 912 2598; x_wconf 91' lang='lat' dir='ltr'><strong>Heliodoroque</strong></span> <span class='ocrx_word' id='word_1_161' title='bbox 937 2519 1092 2579; x_wconf 87' lang='lat' dir='ltr'><strong>Damascii</strong></span> <span class='ocrx_word' id='word_1_162' title='bbox 1117 2533 1146 2579; x_wconf 89' lang='lat' dir='ltr'><strong>et</strong></span> <span class='ocrx_word' id='word_1_163' title='bbox 1170 2521 1300 2580; x_wconf 92' lang='lat' dir='ltr'><strong>aliorum</strong></span> <span class='ocrx_word' id='word_1_164' title='bbox 1326 2541 1390 2579; x_wconf 91' lang='lat' dir='ltr'><strong>ma·</strong></span> 
     </span>
     <span class='ocr_line' id='line_1_20' title="bbox 269 2629 1390 2712; baseline 0.003 -24"><span class='ocrx_word' id='word_1_165' title='bbox 269 2631 377 2712; x_wconf 86' lang='lat' dir='ltr'><strong>gistris</strong></span> <span class='ocrx_word' id='word_1_166' title='bbox 393 2631 468 2689; x_wconf 86' lang='lat' dir='ltr'><strong>satis</strong></span> <span class='ocrx_word' id='word_1_167' title='bbox 481 2644 617 2703; x_wconf 89' lang='lat' dir='ltr'><strong>constat;</strong></span> <span class='ocrx_word' id='word_1_168' title='bbox 634 2631 768 2710; x_wconf 88' lang='lat' dir='ltr'><strong>denique</strong></span> <span class='ocrx_word' id='word_1_169' title='bbox 783 2632 820 2690; x_wconf 90' lang='lat' dir='ltr'><strong>de</strong></span> <span class='ocrx_word' id='word_1_170' title='bbox 835 2630 968 2689; x_wconf 70' lang='lat' dir='ltr'><strong>Hermiae</strong></span> <span class='ocrx_word' id='word_1_171' title='bbox 983 2632 1076 2689; x_wconf 83' lang='lat' dir='ltr'><strong>fratre</strong></span> <span class='ocrx_word' id='word_1_172' title='bbox 1089 2634 1221 2710; x_wconf 92' lang='lat' dir='ltr'><strong>quodam</strong></span> <span class='ocrx_word' id='word_1_173' title='bbox 1236 2629 1390 2711; x_wconf 88' lang='lat' dir='ltr'><strong>Gregorio</strong></span> 
     </span>
     <span class='ocr_line' id='line_1_21' title="bbox 269 2737 1387 2818; baseline 0 -21"><span class='ocrx_word' id='word_1_174' title='bbox 269 2739 422 2810; x_wconf 86' lang='lat' dir='ltr'><strong>audimus,</strong></span> <span class='ocrx_word' id='word_1_175' title='bbox 439 2739 492 2818; x_wconf 93' lang='lat' dir='ltr'><strong>qui</strong></span> <span class='ocrx_word' id='word_1_176' title='bbox 513 2751 542 2797; x_wconf 88' lang='lat' dir='ltr'><strong>et</strong></span> <span class='ocrx_word' id='word_1_177' title='bbox 563 2739 630 2818; x_wconf 91' lang='lat' dir='ltr'><strong>ipse</strong></span> <span class='ocrx_word' id='word_1_178' title='bbox 645 2737 882 2817; x_wconf 90' lang='lat' dir='ltr'><strong>philosophatus</strong></span> <span class='ocrx_word' id='word_1_179' title='bbox 899 2750 956 2809; x_wconf 89' lang='lat' dir='ltr'><strong>est,</strong></span> <span class='ocrx_word' id='word_1_180' title='bbox 973 2738 1061 2817; x_wconf 88' lang='lat' dir='ltr'><strong>isque</strong></span> <span class='ocrx_word' id='word_1_181' title='bbox 1081 2738 1259 2797; x_wconf 90' lang='lat' dir='ltr'><strong>acutissimo</strong></span> <span class='ocrx_word' id='word_1_182' title='bbox 1274 2740 1387 2811; x_wconf 90' lang='lat' dir='ltr'><strong>animo,</strong></span> 
     </span>
     <span class='ocr_line' id='line_1_22' title="bbox 269 2846 1214 2927; baseline 0.002 -22"><span class='ocrx_word' id='word_1_183' title='bbox 269 2850 324 2907; x_wconf 93' lang='lat' dir='ltr'><strong>sed</strong></span> <span class='ocrx_word' id='word_1_184' title='bbox 340 2850 475 2907; x_wconf 93' lang='lat' dir='ltr'><strong>nondum</strong></span> <span class='ocrx_word' id='word_1_185' title='bbox 490 2848 574 2906; x_wconf 88' lang='lat' dir='ltr'><strong>senis</strong></span> <span class='ocrx_word' id='word_1_186' title='bbox 591 2859 621 2906; x_wconf 90' lang='lat' dir='ltr'><strong>et</strong></span> <span class='ocrx_word' id='word_1_187' title='bbox 636 2847 778 2926; x_wconf 91' lang='lat' dir='ltr'><strong>corporis</strong></span> <span class='ocrx_word' id='word_1_188' title='bbox 794 2861 824 2907; x_wconf 90' lang='lat' dir='ltr'><strong>et</strong></span> <span class='ocrx_word' id='word_1_189' title='bbox 839 2846 950 2906; x_wconf 89' lang='lat' dir='ltr'><strong>mentis</strong></span> <span class='ocrx_word' id='word_1_190' title='bbox 966 2867 1054 2906; x_wconf 86' lang='lat' dir='ltr'><strong>usum</strong></span> <span class='ocrx_word' id='word_1_191' title='bbox 1068 2846 1214 2927; x_wconf 87' lang='lat' dir='ltr'><strong>perdidit.</strong></span> 
     </span>
    </p>

    <p class='ocr_par' dir='ltr' id='par_1_4' title="bbox 265 2950 1446 4330">
     <span class='ocr_line' id='line_1_23' title="bbox 310 2950 1389 3034; baseline -0.006 -20"><span class='ocrx_word' id='word_1_192' title='bbox 310 2955 356 3014; x_wconf 88' lang='lat' dir='ltr'><strong>Ex</strong></span> <span class='ocrx_word' id='word_1_193' title='bbox 372 2956 410 3014; x_wconf 90' lang='lat' dir='ltr'><strong>iis</strong></span> <span class='ocrx_word' id='word_1_194' title='bbox 435 2976 502 3034; x_wconf 86' lang='lat' dir='ltr'><strong>quae</strong></span> <span class='ocrx_word' id='word_1_195' title='bbox 526 2954 708 3013; x_wconf 87' lang='lat' dir='ltr'><strong>Damascius</strong></span> <span class='ocrx_word' id='word_1_196' title='bbox 729 2956 767 3013; x_wconf 92' lang='lat' dir='ltr'><strong>de</strong></span> <span class='ocrx_word' id='word_1_197' title='bbox 791 2953 917 3013; x_wconf 91' lang='lat' dir='ltr'><strong>Hermia</strong></span> <span class='ocrx_word' id='word_1_198' title='bbox 935 2965 1039 3012; x_wconf 86' lang='lat' dir='ltr'><strong>narrat</strong></span> <span class='ocrx_word' id='word_1_199' title='bbox 1055 2964 1184 3034; x_wconf 90' lang='lat' dir='ltr'><strong>apparet</strong></span> <span class='ocrx_word' id='word_1_200' title='bbox 1198 2951 1284 3010; x_wconf 90' lang='lat' dir='ltr'><strong>illum</strong></span> <span class='ocrx_word' id='word_1_201' title='bbox 1299 2950 1389 3032; x_wconf 93' lang='lat' dir='ltr'><strong>plane</strong></span> 
     </span>
     <span class='ocr_line' id='line_1_24' title="bbox 269 3057 1389 3142; baseline -0.005 -21"><span class='ocrx_word' id='word_1_202' title='bbox 269 3063 396 3142; x_wconf 89' lang='lat' dir='ltr'><strong>dignum</strong></span> <span class='ocrx_word' id='word_1_203' title='bbox 421 3063 517 3121; x_wconf 86' lang='lat' dir='ltr'><strong>fuisse</strong></span> <span class='ocrx_word' id='word_1_204' title='bbox 540 3062 594 3142; x_wconf 93' lang='lat' dir='ltr'><strong>qui</strong></span> <span class='ocrx_word' id='word_1_205' title='bbox 616 3060 773 3120; x_wconf 87' lang='lat' dir='ltr'><strong>AEdesiam</strong></span> <span class='ocrx_word' id='word_1_206' title='bbox 801 3061 928 3120; x_wconf 90' lang='lat' dir='ltr'><strong>haberet</strong></span> <span class='ocrx_word' id='word_1_207' title='bbox 951 3058 1125 3141; x_wconf 87' lang='lat' dir='ltr'><strong>conjugem.</strong></span> <span class='ocrx_word' id='word_1_208' title='bbox 1140 3059 1216 3120; x_wconf 91' lang='lat' dir='ltr'><strong>Nam</strong></span> <span class='ocrx_word' id='word_1_209' title='bbox 1236 3078 1271 3116; x_wconf 90' lang='lat' dir='ltr'><strong>ea</strong></span> <span class='ocrx_word' id='word_1_210' title='bbox 1286 3057 1389 3116; x_wconf 90' lang='lat' dir='ltr'><strong>indole</strong></span> 
     </span>
     <span class='ocr_line' id='line_1_25' title="bbox 268 3163 1389 3248; baseline -0.005 -21"><span class='ocrx_word' id='word_1_211' title='bbox 268 3169 417 3248; x_wconf 67' lang='lat' dir='ltr'><strong>praeditus</strong></span> <span class='ocrx_word' id='word_1_212' title='bbox 430 3187 499 3228; x_wconf 89' lang='lat' dir='ltr'><strong>esse</strong></span> <span class='ocrx_word' id='word_1_213' title='bbox 510 3169 623 3227; x_wconf 89' lang='lat' dir='ltr'><strong>dicitur</strong></span> <span class='ocrx_word' id='word_1_214' title='bbox 636 3180 669 3226; x_wconf 92' lang='lat' dir='ltr'><strong>ut</strong></span> <span class='ocrx_word' id='word_1_215' title='bbox 682 3188 749 3226; x_wconf 92' lang='lat' dir='ltr'><strong>eum</strong></span> <span class='ocrx_word' id='word_1_216' title='bbox 765 3188 802 3225; x_wconf 94' lang='lat' dir='ltr'><strong>ne</strong></span> <span class='ocrx_word' id='word_1_217' title='bbox 813 3166 935 3226; x_wconf 89' lang='lat' dir='ltr'><strong>Momus</strong></span> <span class='ocrx_word' id='word_1_218' title='bbox 949 3166 1085 3246; x_wconf 84' lang='lat' dir='ltr'><strong>quidem,</strong></span> <span class='ocrx_word' id='word_1_219' title='bbox 1103 3177 1135 3224; x_wconf 91' lang='lat' dir='ltr'><strong>ut</strong></span> <span class='ocrx_word' id='word_1_220' title='bbox 1150 3166 1245 3235; x_wconf 91' lang='lat' dir='ltr'><strong>aiunt,</strong></span> <span class='ocrx_word' id='word_1_221' title='bbox 1259 3163 1389 3223; x_wconf 87' lang='lat' dir='ltr'><strong>irridere</strong></span> 
     </span>
     <span class='ocr_line' id='line_1_26' title="bbox 267 3271 1389 3352; baseline -0.007 -17"><span class='ocrx_word' id='word_1_222' title='bbox 267 3277 418 3335; x_wconf 85' lang='lat' dir='ltr'><strong>voluisset</strong></span> <span class='ocrx_word' id='word_1_223' title='bbox 429 3289 458 3335; x_wconf 89' lang='lat' dir='ltr'><strong>et</strong></span> <span class='ocrx_word' id='word_1_224' title='bbox 480 3296 548 3334; x_wconf 91' lang='lat' dir='ltr'><strong>cum</strong></span> <span class='ocrx_word' id='word_1_225' title='bbox 564 3274 632 3333; x_wconf 91' lang='lat' dir='ltr'><strong>aliis</strong></span> <span class='ocrx_word' id='word_1_226' title='bbox 648 3275 814 3333; x_wconf 91' lang='lat' dir='ltr'><strong>virtutibus</strong></span> <span class='ocrx_word' id='word_1_227' title='bbox 830 3285 968 3344; x_wconf 87' lang='lat' dir='ltr'><strong>ornatus,</strong></span> <span class='ocrx_word' id='word_1_228' title='bbox 985 3285 1049 3331; x_wconf 92' lang='lat' dir='ltr'><strong>tum</strong></span> <span class='ocrx_word' id='word_1_229' title='bbox 1063 3271 1235 3352; x_wconf 88' lang='lat' dir='ltr'><strong>praesertim</strong></span> <span class='ocrx_word' id='word_1_230' title='bbox 1250 3289 1389 3328; x_wconf 90' lang='lat' dir='ltr'><strong>mansue·</strong></span> 
     </span>
     <span class='ocr_line' id='line_1_27' title="bbox 267 3381 1388 3466; baseline -0.003 -21"><span class='ocrx_word' id='word_1_231' title='bbox 267 3387 372 3446; x_wconf 90' lang='lat' dir='ltr'><strong>tudine</strong></span> <span class='ocrx_word' id='word_1_232' title='bbox 391 3400 420 3444; x_wconf 93' lang='lat' dir='ltr'><strong>et</strong></span> <span class='ocrx_word' id='word_1_233' title='bbox 441 3387 593 3465; x_wconf 88' lang='lat' dir='ltr'><strong>aequitate.</strong></span> <span class='ocrx_word' id='word_1_234' title='bbox 608 3385 789 3466; x_wconf 87' lang='lat' dir='ltr'><strong>Exemplum</strong></span> <span class='ocrx_word' id='word_1_235' title='bbox 805 3384 932 3443; x_wconf 81' lang='lat' dir='ltr'><strong>affertur</strong></span> <span class='ocrx_word' id='word_1_236' title='bbox 945 3384 1027 3463; x_wconf 93' lang='lat' dir='ltr'><strong>quod</strong></span> <span class='ocrx_word' id='word_1_237' title='bbox 1043 3383 1298 3462; x_wconf 87' lang='lat' dir='ltr'><strong>quotiescumque</strong></span> <span class='ocrx_word' id='word_1_238' title='bbox 1313 3381 1388 3460; x_wconf 92' lang='lat' dir='ltr'><strong>quid</strong></span> 
     </span>
     <span class='ocr_line' id='line_1_28' title="bbox 269 3488 1384 3572; baseline -0.002 -21"><span class='ocrx_word' id='word_1_239' title='bbox 269 3505 429 3553; x_wconf 88' lang='lat' dir='ltr'><strong>emeret-</strong></span> <span class='ocrx_word' id='word_1_240' title='bbox 442 3506 471 3551; x_wconf 91' lang='lat' dir='ltr'><strong>et</strong></span> <span class='ocrx_word' id='word_1_241' title='bbox 487 3494 658 3572; x_wconf 77' lang='lat' dir='ltr'><strong>saepissime</strong></span> <span class='ocrx_word' id='word_1_242' title='bbox 668 3493 766 3551; x_wconf 90' lang='lat' dir='ltr'><strong>libros</strong></span> <span class='ocrx_word' id='word_1_243' title='bbox 782 3504 888 3572; x_wconf 89' lang='lat' dir='ltr'><strong>utpote</strong></span> <span class='ocrx_word' id='word_1_244' title='bbox 904 3490 1163 3570; x_wconf 90' lang='lat' dir='ltr'><strong>diligentissimus</strong></span> <span class='ocrx_word' id='word_1_245' title='bbox 1178 3488 1384 3569; x_wconf 89' lang='lat' dir='ltr'><strong>philosophus</strong></span> 
     </span>
     <span class='ocr_line' id='line_1_29' title="bbox 268 3598 1385 3679; baseline -0.002 -21"><span class='ocrx_word' id='word_1_246' title='bbox 268 3603 387 3659; x_wconf 89' lang='lat' dir='ltr'><strong>emebat</strong></span> <span class='ocrx_word' id='word_1_247' title='bbox 401 3601 479 3657; x_wconf 91' lang='lat' dir='ltr'><strong>-si</strong></span> <span class='ocrx_word' id='word_1_248' title='bbox 494 3601 572 3658; x_wconf 86' lang='lat' dir='ltr'><strong>lorte</strong></span> <span class='ocrx_word' id='word_1_249' title='bbox 586 3599 730 3659; x_wconf 77' lang='lat' dir='ltr'><strong>venditor</strong></span> <span class='ocrx_word' id='word_1_250' title='bbox 744 3598 836 3658; x_wconf 88' lang='lat' dir='ltr'><strong>vilius</strong></span> <span class='ocrx_word' id='word_1_251' title='bbox 851 3612 972 3678; x_wconf 88' lang='lat' dir='ltr'><strong>peteret</strong></span> <span class='ocrx_word' id='word_1_252' title='bbox 986 3598 1131 3679; x_wconf 90' lang='lat' dir='ltr'><strong>pretium,</strong></span> <span class='ocrx_word' id='word_1_253' title='bbox 1149 3611 1304 3656; x_wconf 91' lang='lat' dir='ltr'><strong>errantem</strong></span> <span class='ocrx_word' id='word_1_254' title='bbox 1320 3618 1385 3656; x_wconf 90' lang='lat' dir='ltr'><strong>cor·</strong></span> 
     </span>
     <span class='ocr_line' id='line_1_30' title="bbox 267 3703 1387 3786; baseline -0.004 -21"><span class='ocrx_word' id='word_1_255' title='bbox 267 3706 398 3786; x_wconf 85' lang='lat' dir='ltr'><strong>rigebat,</strong></span> <span class='ocrx_word' id='word_1_256' title='bbox 415 3727 454 3766; x_wconf 89' lang='lat' dir='ltr'><strong>ne</strong></span> <span class='ocrx_word' id='word_1_257' title='bbox 473 3706 627 3766; x_wconf 87' lang='lat' dir='ltr'><strong>volentem</strong></span> <span class='ocrx_word' id='word_1_258' title='bbox 645 3706 770 3784; x_wconf 89' lang='lat' dir='ltr'><strong>quidem</strong></span> <span class='ocrx_word' id='word_1_259' title='bbox 793 3707 942 3764; x_wconf 88' lang='lat' dir='ltr'><strong>lrustrare</strong></span> <span class='ocrx_word' id='word_1_260' title='bbox 958 3716 1098 3764; x_wconf 79' lang='lat' dir='ltr'><strong>conatus</strong></span> <span class='ocrx_word' id='word_1_261' title='bbox 1121 3703 1212 3762; x_wconf 89' lang='lat' dir='ltr'><strong>Domi</strong></span> <span class='ocrx_word' id='word_1_262' title='bbox 1241 3715 1270 3762; x_wconf 90' lang='lat' dir='ltr'><strong>et</strong></span> <span class='ocrx_word' id='word_1_263' title='bbox 1288 3703 1387 3783; x_wconf 87' lang='lat' dir='ltr'><strong>patris</strong></span> 
     </span>
     <span class='ocr_line' id='line_1_31' title="bbox 267 3814 1446 3896; baseline -0.001 -22"><span class='ocrx_word' id='word_1_264' title='bbox 267 3828 297 3886; x_wconf 79' lang='lat' dir='ltr'><strong>et</strong></span> <span class='ocrx_word' id='word_1_265' title='bbox 308 3814 449 3896; x_wconf 87' lang='lat' dir='ltr'><strong>conjugis</strong></span> <span class='ocrx_word' id='word_1_266' title='bbox 461 3816 642 3874; x_wconf 91' lang='lat' dir='ltr'><strong>muneribus</strong></span> <span class='ocrx_word' id='word_1_267' title='bbox 658 3815 772 3894; x_wconf 89' lang='lat' dir='ltr'><strong>optime</strong></span> <span class='ocrx_word' id='word_1_268' title='bbox 785 3816 907 3874; x_wconf 79' lang='lat' dir='ltr'><strong>iunctus</strong></span> <span class='ocrx_word' id='word_1_269' title='bbox 918 3827 976 3890; x_wconf 88' lang='lat' dir='ltr'><strong>est,</strong></span> <span class='ocrx_word' id='word_1_270' title='bbox 990 3834 1052 3873; x_wconf 94' lang='lat' dir='ltr'><strong>non</strong></span> <span class='ocrx_word' id='word_1_271' title='bbox 1065 3814 1107 3873; x_wconf 88' lang='lat' dir='ltr'><strong>ita</strong></span> <span class='ocrx_word' id='word_1_272' title='bbox 1116 3826 1217 3872; x_wconf 87' lang='lat' dir='ltr'><strong>tamen</strong></span> <span class='ocrx_word' id='word_1_273' title='bbox 1228 3825 1261 3872; x_wconf 89' lang='lat' dir='ltr'><strong>ut</strong></span> <span class='ocrx_word' id='word_1_274' title='bbox 1270 3834 1387 3893; x_wconf 87' lang='lat' dir='ltr'><strong>pueros</strong></span> <span class='ocrx_word' id='word_1_275' title='bbox 1443 3887 1446 3895; x_wconf 69' lang='lat'><strong>,</strong></span> 
     </span>
     <span class='ocr_line' id='line_1_32' title="bbox 266 3924 1387 4005; baseline -0.001 -21"><span class='ocrx_word' id='word_1_276' title='bbox 266 3926 397 4005; x_wconf 90' lang='lat' dir='ltr'><strong>puerilia</strong></span> <span class='ocrx_word' id='word_1_277' title='bbox 422 3926 538 3984; x_wconf 87' lang='lat' dir='ltr'><strong>sineret</strong></span> <span class='ocrx_word' id='word_1_278' title='bbox 563 3925 680 3996; x_wconf 90' lang='lat' dir='ltr'><strong>doceri,</strong></span> <span class='ocrx_word' id='word_1_279' title='bbox 706 3925 786 3984; x_wconf 91' lang='lat' dir='ltr'><strong>sicut</strong></span> <span class='ocrx_word' id='word_1_280' title='bbox 810 3945 846 3983; x_wconf 87' lang='lat' dir='ltr'><strong>ex</strong></span> <span class='ocrx_word' id='word_1_281' title='bbox 868 3924 1029 3983; x_wconf 92' lang='lat' dir='ltr'><strong>historiola</strong></span> <span class='ocrx_word' id='word_1_282' title='bbox 1044 3926 1174 4003; x_wconf 90' lang='lat' dir='ltr'><strong>quadam</strong></span> <span class='ocrx_word' id='word_1_283' title='bbox 1201 3944 1292 4004; x_wconf 93' lang='lat' dir='ltr'><strong>quam</strong></span> <span class='ocrx_word' id='word_1_284' title='bbox 1317 3925 1387 3984; x_wconf 91' lang='lat' dir='ltr'><strong>vide</strong></span> 
     </span>
     <span class='ocr_line' id='line_1_33' title="bbox 267 4030 1386 4114; baseline -0.002 -23"><span class='ocrx_word' id='word_1_285' title='bbox 267 4035 348 4114; x_wconf 86' lang='lat' dir='ltr'><strong>apud</strong></span> <span class='ocrx_word' id='word_1_286' title='bbox 364 4033 572 4109; x_wconf 84' lang='lat' dir='ltr'><strong>Damascium,</strong></span> <span class='ocrx_word' id='word_1_287' title='bbox 590 4033 639 4092; x_wconf 93' lang='lat' dir='ltr'><strong>illa</strong></span> <span class='ocrx_word' id='word_1_288' title='bbox 656 4033 778 4112; x_wconf 90' lang='lat' dir='ltr'><strong>quidem</strong></span> <span class='ocrx_word' id='word_1_289' title='bbox 795 4054 856 4091; x_wconf 94' lang='lat' dir='ltr'><strong>non</strong></span> <span class='ocrx_word' id='word_1_290' title='bbox 873 4046 920 4092; x_wconf 90' lang='lat' dir='ltr'><strong>sat</strong></span> <span class='ocrx_word' id='word_1_291' title='bbox 933 4034 1109 4113; x_wconf 88' lang='lat' dir='ltr'><strong>perspicua,</strong></span> <span class='ocrx_word' id='word_1_292' title='bbox 1127 4032 1206 4091; x_wconf 87' lang='lat' dir='ltr'><strong>disci</strong></span> <span class='ocrx_word' id='word_1_293' title='bbox 1218 4044 1333 4111; x_wconf 88' lang='lat' dir='ltr'><strong>potest.</strong></span> <span class='ocrx_word' id='word_1_294' title='bbox 1352 4030 1386 4089; x_wconf 93' lang='lat' dir='ltr'><strong>ln</strong></span> 
     </span>
     <span class='ocr_line' id='line_1_34' title="bbox 265 4140 1385 4222; baseline -0.004 -21"><span class='ocrx_word' id='word_1_295' title='bbox 265 4141 464 4222; x_wconf 91' lang='lat' dir='ltr'><strong>philosophia</strong></span> <span class='ocrx_word' id='word_1_296' title='bbox 478 4154 590 4214; x_wconf 90' lang='lat' dir='ltr'><strong>autem,</strong></span> <span class='ocrx_word' id='word_1_297' title='bbox 615 4156 648 4200; x_wconf 91' lang='lat' dir='ltr'><strong>ut</strong></span> <span class='ocrx_word' id='word_1_298' title='bbox 662 4141 809 4212; x_wconf 87' lang='lat' dir='ltr'><strong>diximus,</strong></span> <span class='ocrx_word' id='word_1_299' title='bbox 824 4161 943 4200; x_wconf 88' lang='lat' dir='ltr'><strong>summa</strong></span> <span class='ocrx_word' id='word_1_300' title='bbox 957 4141 1117 4221; x_wconf 89' lang='lat' dir='ltr'><strong>diligentia</strong></span> <span class='ocrx_word' id='word_1_301' title='bbox 1132 4140 1277 4199; x_wconf 86' lang='lat' dir='ltr'><strong>excelluit</strong></span> <span class='ocrx_word' id='word_1_302' title='bbox 1293 4163 1299 4198; x_wconf 94' lang='lat'>:</span> <span class='ocrx_word' id='word_1_303' title='bbox 1317 4159 1385 4198; x_wconf 88' lang='lat' dir='ltr'><strong>nam</strong></span> 
     </span>
     <span class='ocr_line' id='line_1_35' title="bbox 265 4247 1386 4330; baseline 0 -22"><span class='ocrx_word' id='word_1_304' title='bbox 265 4262 295 4308; x_wconf 92' lang='lat' dir='ltr'><strong>et</strong></span> <span class='ocrx_word' id='word_1_305' title='bbox 309 4248 432 4327; x_wconf 86' lang='lat' dir='ltr'><strong>Syriani</strong></span> <span class='ocrx_word' id='word_1_306' title='bbox 443 4250 536 4309; x_wconf 89' lang='lat' dir='ltr'><strong>verba</strong></span> <span class='ocrx_word' id='word_1_307' title='bbox 548 4249 694 4307; x_wconf 89' lang='lat' dir='ltr'><strong>memoria</strong></span> <span class='ocrx_word' id='word_1_308' title='bbox 710 4269 834 4328; x_wconf 91' lang='lat' dir='ltr'><strong>semper</strong></span> <span class='ocrx_word' id='word_1_309' title='bbox 846 4253 977 4317; x_wconf 87' lang='lat' dir='ltr'><strong>tenebat,</strong></span> <span class='ocrx_word' id='word_1_310' title='bbox 994 4269 1094 4330; x_wconf 91' lang='lat' dir='ltr'><strong>neque</strong></span> <span class='ocrx_word' id='word_1_311' title='bbox 1109 4247 1290 4329; x_wconf 90' lang='lat' dir='ltr'><strong>cujusquam</strong></span> <span class='ocrx_word' id='word_1_312' title='bbox 1303 4249 1386 4328; x_wconf 90' lang='lat' dir='ltr'><strong>quod</strong></span> 
     </span>
    </p>
   </div>
   <div class='ocr_carea' id='block_1_4' title="bbox 264 4448 1386 4753">
    <p class='ocr_par' dir='ltr' id='par_1_5' title="bbox 264 4448 1386 4753">
     <span class='ocr_line' id='line_1_36' title="bbox 296 4448 1385 4542; baseline 0 -18"><span class='ocrx_word' id='word_1_313' title='bbox 296 4478 392 4527; x_wconf 61' lang='lat' dir='ltr'><strong>illam</strong></span> <span class='ocrx_word' id='word_1_314' title='bbox 405 4477 525 4526; x_wconf 75' lang='lat' dir='ltr'><strong>Hermiae</strong></span> <span class='ocrx_word' id='word_1_315' title='bbox 540 4478 586 4525; x_wconf 91' lang='lat' dir='ltr'><strong>ille</strong></span> <span class='ocrx_word' id='word_1_316' title='bbox 596 4478 630 4525; x_wconf 86' lang='lat' dir='ltr'><strong>ad</strong></span> <span class='ocrx_word' id='word_1_317' title='bbox 644 4478 786 4526; x_wconf 83' lang='lat' dir='ltr'><strong>Chosroem</strong></span> <span class='ocrx_word' id='word_1_318' title='bbox 797 4494 856 4525; x_wconf 90' lang='lat' dir='ltr'><strong>cum</strong></span> <span class='ocrx_word' id='word_1_319' title='bbox 865 4477 1001 4542; x_wconf 88' lang='lat' dir='ltr'><strong>Simplicio</strong></span> <span class='ocrx_word' id='word_1_320' title='bbox 1012 4484 1037 4525; x_wconf 89' lang='lat' dir='ltr'><strong>et</strong></span> <span class='ocrx_word' id='word_1_321' title='bbox 1047 4448 1187 4526; x_wconf 82' lang='lat' dir='ltr'><strong>Damascio</strong></span> <span class='ocrx_word' id='word_1_322' title='bbox 1197 4477 1385 4542; x_wconf 84' lang='lat' dir='ltr'><strong>proficiscitur,</strong></span> 
     </span>
     <span class='ocr_line' id='line_1_37' title="bbox 264 4548 1386 4613; baseline -0.001 -17"><span class='ocrx_word' id='word_1_323' title='bbox 264 4549 310 4613; x_wconf 87' lang='lat' dir='ltr'><strong>qui</strong></span> <span class='ocrx_word' id='word_1_324' title='bbox 327 4549 406 4596; x_wconf 86' lang='lat' dir='ltr'><strong>ambo</strong></span> <span class='ocrx_word' id='word_1_325' title='bbox 417 4549 597 4607; x_wconf 87' lang='lat' dir='ltr'><strong>Heliodorum,</strong></span> <span class='ocrx_word' id='word_1_326' title='bbox 611 4549 695 4597; x_wconf 81' lang='lat' dir='ltr'><strong>nostri</strong></span> <span class='ocrx_word' id='word_1_327' title='bbox 707 4549 819 4597; x_wconf 84' lang='lat' dir='ltr'><strong>Hermiae</strong></span> <span class='ocrx_word' id='word_1_328' title='bbox 831 4549 925 4607; x_wconf 89' lang='lat' dir='ltr'><strong>lilium,</strong></span> <span class='ocrx_word' id='word_1_329' title='bbox 937 4548 1103 4607; x_wconf 70' lang='lat' dir='ltr'><strong>audiverunn</strong></span> <span class='ocrx_word' id='word_1_330' title='bbox 1117 4549 1274 4598; x_wconf 82' lang='lat' dir='ltr'><strong>Heliodorus</strong></span> <span class='ocrx_word' id='word_1_331' title='bbox 1288 4555 1386 4606; x_wconf 81' lang='lat' dir='ltr'><strong>nutem,</strong></span> 
     </span>
     <span class='ocr_line' id='line_1_38' title="bbox 264 4618 1384 4753; baseline 0.002 -86"><span class='ocrx_word' id='word_1_332' title='bbox 264 4635 324 4753; x_wconf 44' lang='grc' dir='ltr'><strong>ἔξω</strong></span> <span class='ocrx_word' id='word_1_333' title='bbox 338 4625 415 4684; x_wconf 82' lang='lat' dir='ltr'><strong>putor</strong></span> <span class='ocrx_word' id='word_1_334' title='bbox 427 4618 537 4679; x_wconf 83' lang='lat' dir='ltr'><strong>interiit,</strong></span> <span class='ocrx_word' id='word_1_335' title='bbox 554 4618 766 4669; x_wconf 81' lang='lat' dir='ltr'><strong>adolescentulus</strong></span> <span class='ocrx_word' id='word_1_336' title='bbox 780 4627 845 4667; x_wconf 85' lang='lat' dir='ltr'><strong>erut.</strong></span> <span class='ocrx_word' id='word_1_337' title='bbox 863 4619 956 4682; x_wconf 80' lang='lat' dir='ltr'><strong>(Suid,</strong></span> <span class='ocrx_word' id='word_1_338' title='bbox 974 4636 995 4667; x_wconf 82' lang='lat' dir='ltr'><strong>s.</strong></span> <span class='ocrx_word' id='word_1_339' title='bbox 1007 4636 1033 4673; x_wconf 79' lang='lat' dir='ltr'><strong>v.</strong></span> <span class='ocrx_word' id='word_1_340' title='bbox 1042 4622 1157 4687; x_wconf 74' lang='grc' dir='ltr'>πρέσῦεις</span> <span class='ocrx_word' id='word_1_341' title='bbox 1171 4636 1201 4668; x_wconf 84' lang='lat' dir='ltr'><strong>ex</strong></span> <span class='ocrx_word' id='word_1_342' title='bbox 1212 4619 1336 4682; x_wconf 79' lang='lat' dir='ltr'><strong>Agathia,</strong></span> <span class='ocrx_word' id='word_1_343' title='bbox 1351 4619 1384 4679; x_wconf 87' lang='lat' dir='ltr'><strong>lt,</strong></span> 
     </span>
    </p>
   </div>
   <div class='ocr_carea' id='block_1_5' title="bbox 0 0 1628 5512">
    <p class='ocr_par' dir='ltr' id='par_1_6' title="bbox 0 0 1628 5512">
     <span class='ocr_line' id='line_1_39' title="bbox 0 0 1628 5512; baseline 0 2"><span class='ocrx_word' id='word_1_344' title='bbox 0 0 1628 5512; x_wconf 95' lang='lat' dir='ltr'><strong> </strong></span> 
     </span>
    </p>
   </div>
  </div>
 </body>
</html>
