3150 5504
329 502 375 553 106
400 531 403 539 .
699 491 839 543 ΕΡΜΕΙΟΥ
859 491 1057 542 ΦΙΛΟΣΟΦΟΥ

229 656 296 724 [116]
327 651 358 707 τὸ
374 653 423 722 ζῆν
443 649 633 731 (ἅνθρωπος
650 651 711 730 γάρ
730 649 902 731 ἄνθρωπον
923 656 1023 729 γεννᾷ
1044 651 1098 707 καὶ
1118 649 1242 731 ἥλιος),
1263 649 1335 707 ἔστιν
1354 650 1372 706 ἀ
1389 648 1451 729 παρ’

325 751 429 808 ἑαυτῶν
447 746 505 831 ἐ’χει
524 751 555 807 τὸ
572 752 631 824 ζῆν,
649 749 739 829 ὥσπερ
755 747 787 820 δὴ
803 747 886 806 πάλιν
902 751 916 806 ό
936 749 1049 825 οὐρανὸς
1065 751 1110 805 καί
1124 751 1138 805 θ
1154 755 1217 812 νοῦς
1234 747 1277 827 (οὐ
1295 749 1346 828 γάρ
1361 747 1449 805 ἐπιίσ-

326 870 406 906 ακτον
421 846 493 930 ’ἔχειν
512 848 620 924 αθτσθς,
643 846 717 905 ἀλλά
735 855 843 928 συμρυᾶ
861 850 911 919 τὴν
929 847 1028 926 ζωήνί·
1049 849 1094 905 καὶ
1110 845 1192 905 πάλιν
1210 849 1248 912 ὡς
1266 847 1309 905 ἐπὶ
1324 853 1372 904 τοῦ
1392 852 1449 923 νοῦ,

326 937 411 996 ὄντων
433 939 450 994 ἀ
468 938 531 1018 παρ’
553 935 647 994 ἀλλων
668 937 846 1018 καταδέχεται
868 939 899 995 τὸ
920 945 992 996 νοεῖν
1013 940 1059 996 καὶ
1079 940 1193 1010 νοητικά
1210 939 1341 1016 γίνονται,
1362 937 1452 1016 ὥσπερ

279 1052 293 1101 5
326 1037 340 1091 ό
356 1033 469 1111 δυνάμει
483 1040 543 1100 νοῦς
560 1034 621 1092 καθ’
635 1035 728 1106 αὑτὸν,
747 1031 818 1091 ἔστιν
837 1036 851 1090 ό
871 1034 994 1115 ἐνεργείᾳ
1014 1041 1075 1100 νοῦς
1096 1037 1126 1098 ὃς
1145 1034 1208 1114 παρ’
1228 1036 1322 1092 ἑαυτοῦ
1342 1031 1402 1115 ἔχει
1419 1036 1452 1091 τὸ

326 1140 396 1192 νοεῖν
414 1135 459 1190 καὶ
479 1134 572 1190 ὶαυτὸν
593 1139 661 1190 νοεῖ·
679 1134 750 1190 οὕτω
771 1131 804 1204 δὴ
825 1130 903 1197 ὄντος
917 1139 966 1191 τοῦ
984 1133 1027 1214 ὑφ’
1046 1133 1138 1212 ἑτέρου
1154 1132 1327 1208 κινουμένου,
1346 1133 1451 1211 ἀνάγκη

325 1233 453 1290 εἶναικαὶ
469 1234 483 1289 θ
499 1234 583 1310 ἑαυτῷ
599 1229 688 1288 αίτιόν
704 1231 758 1288 ἐστι
772 1237 820 1288 τοῦ
835 1235 970 1290 κινεῖσθαι
983 1234 1029 1289 καί
1046 1234 1133 1307 ἑαυτῷ
1150 1237 1231 1290 τοῦτο
1249 1238 1380 1313 χορηγεῖ.
1402 1233 1452 1288 Καὶ

325 1332 377 1411 γάρ
393 1330 484 1394 άλλως
500 1330 600 1409 άλογσν
615 1331 728 1388 ἀπὸτοῦ
744 1332 932 1410 ίτερσκινητου
948 1330 990 1387 ἐπὶ
1003 1332 1035 1387 τὸ
1052 1330 1179 1403 ἀκίνητον
1193 1331 1280 1407 πάντη
1296 1330 1392 1406 ἐλθεῖν,
1412 1332 1452 1405 μὴ

327 1428 427 1505 μεταξὺ
442 1431 473 1487 τὸ
489 1429 665 1502 αὐτοκίνητον
679 1425 885 1509 παραλαθόντας
901 1429 991 1509 ὥσπερ
1006 1427 1106 1508 άλογον
1121 1430 1174 1486 ἀπὸ
1187 1435 1234 1486 τοό
1246 1430 1391 1507 γινομένου
1405 1430 1453 1486 καί

264 1544 294 1593 10
325 1552 391 1587 ποτε
410 1527 488 1595 ὄντος
508 1529 550 1586 ἐπὶ
566 1531 598 1586 τὸ
617 1531 655 1605 μὴ
676 1527 706 1585 δν
725 1529 756 1585 τὸ
777 1529 935 1608 ὑπεροόσιον
950 1526 1051 1599 ἐλθεῖν,
1070 1531 1108 1604 μὴ
1127 1521 1225 1604 μεταξὺ
1240 1531 1270 1586 τὸ
1287 1528 1317 1584 δν
1331 1529 1452 1609 παραλα-

326 1624 433 1694 θόντας·
447 1626 551 1701 ἀίδηλον
563 1629 615 1707 γάρ
629 1623 704 1684 ἔσται
718 1634 800 1684 ποῖον
814 1629 852 1702 μή
867 1625 897 1683 δν
909 1621 1175 1704 παραλαμθάνσμεν,
1188 1628 1303 1708 πότερον
1316 1628 1347 1684 τὸ
1359 1634 1453 1708 χεῖρον

326 1733 373 1784 τοῦ
388 1726 531 1806 γινομένου
545 1727 563 1798 ἢ
579 1727 610 1783 τὸ
624 1733 760 1806 κρεῖττον,
777 1731 824 1782 τοῦ
841 1720 943 1800 μεταξὺ
962 1725 1000 1800 μὴ
1015 1723 1250 1806 παραληφθέντος,
1267 1727 1334 1805 όπερ
1352 1725 1407 1782 ἐστὶ
1420 1727 1452 1781 τὸ

327 1827 369 1884 ἀεὶ
383 1824 424 1882 όν·
441 1827 514 1883 σθ’τω
530 1824 562 1896 δὴ
577 1826 623 1882 καί
638 1824 681 1881 ἐπὶ
694 1826 826 1895 κινήσεως
841 1821 945 1896 ἄδηλον
964 1820 1037 1880 ἔσται
1055 1831 1135 1882 ποῖον
1155 1824 1283 1898 ἀκίνητον
1302 1825 1452 1904 παραλαμ-

327 1920 458 1999 θάνομεν,
479 1924 594 2001 πότερον
612 1923 644 1979 τὸ
662 1920 869 2001 καταδεέστερον
889 1926 937 1978 τοῦ
954 1924 1141 2001 ἒτεροκινητσυ
1157 1923 1175 1993 ἢ
1191 1924 1222 1979 τὸ
1238 1922 1393 2002 ὑπέρτερον,
1412 1925 1451 1997 μὴ

264 2035 295 2084 15
328 2017 429 2099 μεταξὺ
443 2027 491 2079 τοῦ
505 2021 683 2094 αὐτοκινήτου
698 2019 935 2101 παραληρθὲντος·
953 2021 1058 2096 ὁμοίως
1075 2019 1108 2092 δή
1123 2022 1168 2077 καί
1183 2021 1225 2078 ἐπὶ
1245 2024 1319 2093 ζωῆς
1338 2022 1386 2077 καί
1406 2026 1454 2078 νοῦ

326 2124 439 2179 καὶτῶν
456 2118 562 2180 ἀλλων.

365 2220 438 2291 Αθτη
455 2225 521 2298 γοῦν
539 2223 557 2290 ἡ
573 2219 753 2290 αθτσκίνητος
772 2216 878 2290 κίνησις
898 2220 943 2275 καὶ
963 2217 990 2275 ἐν
1009 2224 1067 2284 τοῖς
1087 2219 1210 2293 Νόμοις
1231 2219 1282 2275 ὑπὸ
1302 2224 1350 2275 τοῦ
1373 2217 1454 2298 ριλο-

326 2319 409 2398 σόροο
422 2317 516 2397 πρώτη
532 2322 626 2374 πασῶν
640 2318 685 2373 καί
700 2317 771 2397 ἀρχὴ
787 2322 841 2373 τῶν
857 2314 951 2373 ἀλλων
962 2319 1097 2389 κινήσεων
1113 2314 1309 2388 ἀποδέδεικται,
1323 2317 1368 2373 καὶ
1381 2317 1454 2373 αἰτία

326 2416 393 2471 κατά
404 2416 491 2472 πάντα
502 2417 535 2472 τά
547 2416 739 2490 σημαινόμενα
753 2422 802 2486 τῆς
815 2414 915 2480 αἰτίας.
933 2416 981 2472 Καὶ
994 2416 1045 2494 γάρ
1059 2416 1189 2486 ποιητικὴ
1204 2415 1250 2471 καὶ
1263 2412 1455 2493 παραδειγμα-

264 2527 296 2577 20
327 2517 388 2586 τικὴ
410 2516 455 2571 καὶ
475 2512 570 2586 τελική
594 2513 683 2570 αὐτῶν
703 2513 777 2570 αίτία
797 2514 838 2593 (zi
855 2516 899 2569 καὶ
920 2514 1002 2589 μόναι
1021 2515 1121 2593 κυρίως
1144 2514 1210 2570 είσῖν
1232 2514 1325 2571 αἰτίαι·
1348 2515 1380 2570 τὸ
1402 2515 1454 2593 γάρ

327 2613 425 2672 εἰδικόν
441 2613 467 2670 ἐν
483 2613 555 2688 αὐτῷ
570 2613 626 2671 ἐστι
640 2618 679 2686 τῷ
693 2610 896 2688 ἀποτελέσματι
916 2615 960 2668 καί
975 2612 1040 2669 αθτό
1056 2612 1156 2670 ἔστιτὸ
1172 2612 1360 2687 ἀποτέλεσμα,
1378 2615 1409 2669 τὸ
1425 2612 1455 2670 δὲ

328 2711 421 2769 ὑλικὸν
435 2709 474 2768 ἔτι
488 2711 570 2769 πλέον
583 2711 677 2790 πόρρω
692 2710 747 2767 ἐστὶ
763 2717 810 2767 τοῦ
825 2712 923 2791 κυρίως
937 2711 1008 2768 αἰτία
1022 2711 1102 2768 εἶναι·
1121 2715 1176 2767 τῶν
1191 2711 1241 2789 γάρ
1261 2711 1299 2766 ὧν
1320 2710 1370 2767 οὐκ
1392 2710 1455 2767 ἀνευ

328 2811 412 2889 λόγον
428 2810 543 2891 ἐπέχει).
561 2807 622 2866 (Ὀτι
638 2810 685 2884 μἐν
705 2809 751 2866 οὖν
769 2813 899 2882 ποιητικὴ
917 2809 989 2867 αἰτία
1008 2809 1063 2866 ἐστὶ
1081 2794 1136 2866 των
1157 2807 1251 2865 ἄλλων
1269 2811 1403 2880 κινήσεων
1421 2810 1454 2865 τὸ

328 2908 503 2980 αὐτοκίνητον
524 2906 619 2979 δῆλον,
643 2908 680 2972 ὡς
701 2908 780 3015 αγτὸς
799 2908 826 2964 ἐν
848 2908 972 2983 Νόμοις
995 2905 1191 2964 ἀποδείκνυσιν·
1218 2908 1245 2964 εί
1268 2907 1318 2987 γάρ
1342 2908 1453 2978 σταίη,

265 3027 295 3077 25
328 3008 406 3088 ιρησὶ,
421 3007 457 3063 τά
472 3006 587 3078 πάντα,
600 3012 680 3062 ποῖον
695 3011 803 3084 πρῶτον
817 3008 1007 3078 κινηθήσεται;
1022 3008 1040 3076 ἦ
1058 3004 1144 3077 δῆλον
1158 3006 1199 3062 ότι
1213 3007 1244 3062 τὸ
1262 3004 1453 3076 αὐτοκίνητον·

329 3106 351 3162 εἰ
364 3104 414 3184 γάρ
435 3106 466 3160 τὸ
484 3102 636 3176 πλησιάζον
656 3109 695 3178 τῷ
715 3107 847 3177 κινητικῷ
868 3105 945 3178 αἰτίῳ
965 3110 1092 3176 κινεῖται,
1116 3102 1245 3175 δηλονότι
1265 3102 1374 3159 πάντων
1397 3107 1455 3158 τῶν

328 3200 413 3258 όντων
431 3204 625 3280 ἑτεροκινήτων
641 3200 737 3277 ὅντων,
754 3207 801 3258 τοῦ
818 3199 846 3258 δὲ
862 3202 1040 3273 αθτοκινήτου
1056 3201 1083 3258 ἐν
1098 3202 1184 3276 ἑαυτῷ
1198 3197 1310 3281 ἔχοντος
1326 3202 1357 3257 τὸ
1378 3223 1457 3271 κινη-

328 3303 402 3358 τικὸν
420 3302 466 3357 καὶ
487 3301 544 3381 οὐχῚ
559 3299 652 3365 ἁπλῶς
671 3300 870 3372 πλησιάζοντος
889 3302 957 3380 πρὸς
980 3301 1056 3373 αὐτὸ,
1079 3298 1144 3357 ἀλλ’
1164 3300 1319 3374 ἡνωμένον,
1346 3298 1456 3374 μᾶλλον

328 3398 356 3455 δὲ
377 3399 470 3456 οὐσίαν
494 3397 606 3480 ἔχοντος
628 3401 678 3469 τὴν
699 3399 814 3470 κίνησιν,
837 3397 922 3470 δῆλον
947 3399 986 3463 ὡς
1011 3399 1075 3455 αὐτὸ
1099 3403 1208 3478 πρῶτον
1231 3396 1339 3468 κινηθὲν
1362 3393 1456 3452 τάλλα

265 3516 297 3567 30
327 3500 443 3570 κινήσει.
460 3495 562 3577 Ὥσπερ
580 3498 630 3576 γάρ
648 3497 670 3555 εί
687 3499 701 3553 ό
721 3496 801 3568 ἥλιος
817 3500 856 3572 μὴ
872 3495 946 3554 ἔδυνε
960 3499 1005 3554 καὶ
1020 3494 1165 3554 ἀνέτελλεν
1180 3494 1244 3554 ἀλλ’
1260 3495 1389 3567 ἀκίνητος
1404 3497 1453 3566 ἦν,

328 3794 374 3917 891
395 3795 528 3843 Αιιιστοτ.
548 3788 582 3840 de
601 3790 699 3838 natur.
721 3786 892 3847 συνα112,
916 3785 944 3837 11
1009 3786 1039 3835 17
1056 3785 1159 3851 Le9.X
1178 3785 1226 3836 894
1247 3785 1271 3834 D
1335 3783 1366 3833 24
1385 3782 1457 3835 ibid.

361 3867 415 3916 5Α

361 4001 423 4052 TIT
440 4002 469 4051 17
486 4003 503 4064 ἡ
517 3998 677 4062 αὐτοκίνητος
691 4000 788 4060 κίνησις
803 3998 870 4048 ahia
882 3996 947 4048 κατά
961 3995 1041 4047 πάντα
1055 3997 1087 4048 τά
1099 3998 1272 4061 σημαινόμενα
1283 4003 1326 4059 τῆς
1338 3996 1420 4054 αίτίας
1436 3994 1458 4045 C

362 4150 409 4201 ΝΟ
425 4149 439 4200 1
457 4151 522 4201 ’ἐστιν
538 4146 634 4211 scripsi
648 4145 710 4197 coll.
728 4146 784 4207 105,
798 4144 851 4196 24:
868 4147 919 4197 ἰ’στι
933 4147 954 4196 δ’
969 4145 1031 4195 libri
1111 4146 1125 4193 3
1143 4150 1176 4205 ὠς
1191 4148 1230 4197 ἐπὶ
1245 4149 1288 4197 τοῦ
1303 4149 1357 4205 νοῦ,
1375 4146 1457 4197 ὄντων

330 4222 448 4286 scripsi:
469 4218 554 4286 ὥσπερ
569 4220 647 4270 ὄντων
666 4217 728 4267 libri
791 4218 876 4268 5κατ’
895 4216 1000 4268 αθτθνυ
1062 4216 1224 4285 ῚδὲαυτῷΙ
1241 4216 1254 4268 δ
1273 4218 1340 4285 αὐτῷ
1360 4216 1390 4265 Μ

329 4295 385 4344 θοι
399 4293 429 4341 10
450 4293 627 4358 παραλαόόντα
647 4289 675 4338 Μ
739 4287 771 4339 10
791 4291 851 4340 ποτέ
869 4291 893 4337 Α
958 4287 987 4337 12
1010 4287 1042 4352 μὴ
1064 4302 1117 4338 om.
1142 4289 1170 4338 M
1236 4289 1266 4338 14
1286 4289 1314 4338 τὸ
1333 4295 1394 4351 post
1408 4291 1459 4339 πό·

329 4382 400 4430 τερον
421 4376 476 4414 om.
497 4363 525 4412 M
591 4363 677 4412 15ἐπί
696 4368 738 4424 τῆς
760 4367 824 4424 ζωῆς
846 4359 874 4408 Μ
940 4359 970 4408 16
987 4368 1036 4409 τῶν
1056 4373 1111 4409 om.
1132 4360 1162 4408 M
1205 4347 1256 4409 ¹17
1272 4358 1343 4425 γοῦν]
1360 4356 1407 4410 οὖν
1427 4360 1456 4408 Μ

393 4434 561 4497 αθτοκίνησις,
582 4431 631 4483 sed
651 4451 678 4490 ος
695 4431 784 4482 statim
801 4442 938 4494 suprascr.
958 4433 982 4478 Α
1046 4431 1078 4480 20
1092 4432 1120 4481 τὸ
1142 4431 1225 4482 E’M:
1247 4433 1267 4481 εί
1286 4429 1342 4479 AE¹
1357 4428 1392 4491 (θ)

330 4505 361 4555 22
378 4505 422 4568 ἔτι]
433 4507 473 4557 ἐπὶ
486 4505 514 4554 Μ
580 4506 654 4555 πλέον
667 4516 701 4552 ex
712 4502 822 4554 emend.
834 4505 858 4552 Α
922 4500 957 4550 de
970 4502 1062 4552 verbis
1071 4511 1120 4553 τῶν
1134 4497 1168 4553 ὧν
1180 4502 1227 4554 οὐκ
1238 4504 1297 4554 ἄνευ
1311 4501 1348 4550 ct.
1360 4499 1459 4552 Οινιι·

332 4576 451 4627 nomin
472 4572 865 4635 Plzoedon.84,19Finckh'
906 4569 1031 4624 θθτθλλα
1048 4576 1072 4623 Α
1092 4580 1123 4624 ut
1137 4575 1207 4625 solet
1270 4572 1300 4622 30
1317 4573 1411 4624 elom.
1428 4573 1458 4626 Μ

333 4648 400 4714 (jam
413 4651 570 4701 correxerat
582 4649 651 4709 Αετι
