3248 5512
292 375 324 426 ¹⁴
684 396 693 414 ⁹
731 442 733 450 ⁴
759 441 870 495 οιειοι
888 450 1083 513 ψιιοεοσον
1152 447 1153 452 ’

220 524 269 590 [65]
291 523 380 600 τήμη.
397 556 436 567 -
449 525 483 582 Τδ
498 522 757 604 δέπορεύομαιε

291 625 356 703 πρὸς
368 623 507 702 κρείττονά
521 644 578 680 τινα
591 624 636 679 καί
651 624 795 702 ὑπερτέραν
834 621 856 655 ω
875 604 1012 688 τείχους
1031 608 1110 694 πρὸς
1126 624 1306 703 περίπατον
1319 633 1402 709 δηλοῖ
1416 643 1459 702 ὅτι

291 720 424 784 πολλούς·
440 720 470 776 τὸ
485 721 536 801 γάρ
551 720 614 776 αῦτδ
628 720 694 800 πρὸς
705 719 818 801 διάφορα
829 744 848 778 π
882 705 938 775 ωθί
962 708 1059 781 μέλλει
1081 716 1144 774 ἰέναι
1162 725 1207 780 καί
1228 730 1285 786 οἷον
1303 736 1375 814 παρά
1395 740 1458 806 τοὺς

292 818 401 876 δύναται
420 821 464 875 καί
485 820 520 884 ώς
540 825 662 898 κρεῖττον
682 815 867 895 λαμύάνεσθαι
886 803 1023 878 κάίῖίίατα
1037 814 1081 868 καί
1093 820 1161 875 κατὰ
1173 819 1313 906 διαφόρους
1326 830 1456 905 ἐπιθολάς

245 919 260 968 5
292 919 413 994 σημαίνῃ
428 922 496 994 ἡμῖν
511 919 542 974 τὸ
564 919 641 999 σαφὲς
661 920 691 975 τὸ
710 924 743 994 τῇ
769 920 890 991 αίσθήσει
912 907 1158 1009 ληπτοίζχῑῖρυψ
1175 923 1232 978 οίον
1245 927 1275 982 τδ
1296 927 1392 990 λευκὸν
1408 935 1453 994 662

263 1015 264 1020 ¹
293 1018 378 1094 μέλαν
398 1018 526 1093 σημαίνοι
547 1016 577 1073 δν
597 1019 627 1074 τὸ
645 1019 756 1098 ἀσαφὲς,
778 1019 808 1074 τὸ
829 1024 948 1097 κρεῖττον
966 1027 1014 1088 τῆς
1039 1011 1127 1075 αίσθαί
1150 1016 1299 1097 εύγνωστον
1320 1030 1398 1105 πάνυ,
1420 1036 1451 1092 τὸ

295 1115 362 1191 βαθὺ
376 1116 421 1171 καί
436 1118 529 1187 νοήσει
545 1117 616 1193 μόνη
632 1113 748 1188 ληπτύν·
766 1116 810 1172 ἐάν
832 1115 904 1173 δὲτὸ
925 1114 1010 1191 μέλαν
1031 1115 1237 1192 σημαιθητικης
1259 1125 1399 1204 γνώσεως,
1419 1135 1449 1191 τὸ

293 1216 495 1295 συγκεχυμένον
508 1215 553 1270 καί
572 1215 670 1295 ἀσαφές
692 1216 741 1287 (ὡς
754 1220 850 1295 χεῖρον
866 1220 913 1271 τοῦ
928 1216 1053 1296 σαφοῦς),
1073 1217 1135 1272 τότε
1155 1212 1193 1284 ’νη
1209 1219 1239 1275 τὸ
1255 1229 1391 1285 σκοτεινὸν
1405 1235 1450 1289 καὶ

291 1314 322 1371 τδ
337 1314 418 1394 σαφὲς
436 1313 481 1369 καί
502 1313 636 1393 γνώριμον
656 1315 700 1369 καί
721 1314 751 1370 τὸ
770 1314 854 1394 φανὸν
874 1319 922 1369 τοῦ
941 1319 987 1370 νοῦ
1009 1315 1052 1369 καὶ
1074 1312 1178 1378 διειδές.
1201 1317 1225 1374 ίδ
1248 1317 1344 1382 λευκὸν
1366 1327 1448 1401 δηλοῖ

230 1407 261 1458 10
293 1410 357 1468 άστο
372 1414 447 1482 καὶὴ
466 1412 555 1484 πόλις,
573 1410 664 1482 ἐπειδὴ
681 1414 707 1468 οί
720 1410 821 1469 πολλοὶ
838 1412 865 1468 ἐν
887 1412 954 1487 αὐτῇ
969 1411 1187 1493 ἀναστρέφονται,
1205 1410 1289 1483 δῆλα)
1307 1425 1395 1484 τοίνυν
1415 1430 1446 1486 τὸ

293 1510 411 1590 Φαίδρου
430 1510 461 1567 τὸ
480 1511 666 1590 πορεύομαι
687 1506 747 1576 ἐξω
768 1511 905 1593 τείχους
923 1510 987 1591 (ἀντί
1002 1517 1060 1568 τοῦ·
1080 1511 1154 1576 ἐκτὸς
1172 1516 1225 1568 τῶν
1238 1507 1329 1568 πολλα,
1341 1523 1383 1580 ἐπὶ
1398 1533 1444 1584 τοῦ

292 1617 340 1679 τῆς
354 1607 516 1689 λεωφόρου),
540 1611 671 1666 τουτέστιν
692 1608 733 1665 ἐπί
755 1611 899 1690 ὑπερτέραν
913 1612 956 1666 καί
970 1611 1109 1690 κρείττονα
1128 1612 1200 1681 ζωήν
1215 1607 1310 1683 μέλλω
1330 1607 1396 1666 ίέναι
1421 1630 1444 1683 ,ἱ

294 1706 336 1763 ἐπὶ
349 1705 378 1763 δέ
393 1707 551 1786 Σωκράτους
568 1706 695 1780 σημαίνει
708 1708 738 1763 τὸ
760 1705 825 1763 ἄστυ
849 1706 937 1786 (λέγει
958 1709 1009 1786 γάρ
1030 1700 1091 1777 ἑξῆς
1112 1708 1167 1779 <ό
1187 1704 1346 1786 Φαῖδρυς>
1367 1706 1409 1762 ότι

296 1828 310 1859 ιι
336 1804 486 1885 ἀτεχνῶς
515 1804 550 1861 σθ
580 1798 814 1883 ξεναγουμένῳ
837 1801 964 1872 ἐοικας,
992 1806 1036 1861 καί
1059 1805 1108 1862 οῦκ
1131 1802 1233 1868 ἐθέλεις
1258 1803 1409 1879 ἀποδημεῖν

204 1923 230 1973 p.
248 1906 279 1958 66
296 1899 358 1958 οῦδὲ
374 1904 380 1981 )
398 1895 494 1968 ἐξιέναι
507 1907 555 1959 τοῦ
570 1900 663 1967 ’άστεος
686 1902 713 1980 ν)
729 1904 759 1959 τὸ
774 1903 816 1959 άεί
830 1905 875 1960 τὸν
892 1904 1039 1982 Σωκράτην
1053 1904 1099 1959 καὶ
1113 1904 1159 1960 τὸν
1174 1903 1340 1979 ἐπιστήμονα
1354 1907 1409 1959 τῶν

294 2000 400 2058 οἰκείων
415 2002 507 2083 ἀρχῶν
521 1999 631 2083 ’ἔχεσθαι
643 2003 687 2058 καί
699 2007 754 2058 τών
768 2007 886 2074 νοητῶν,
902 2003 946 2058 καί
962 2003 1000 2077 μὴ
1018 1997 1167 2068 ἐξίστασθαι
1181 2004 1287 2069 ἑαυτοῦ.

334 2098 460 2179 Εύλόηως
475 2099 504 2156 έκ
517 2100 668 2179 προοιμίων
688 2098 768 2181 φίλον
786 2099 832 2157 τδν
854 2098 971 2179 Φαῖδρον
990 2100 1072 2158 καλεῖ
1093 2103 1107 2156 6
1129 2100 1257 2175 κηδεμὼν
1279 2105 1325 2157 τοῦ
1350 2099 1408 2157 νέου

296 2199 452 2279 Σωκράτης·
470 2198 510 2279 ἐφ’
524 2199 586 2256 δ’σον
599 2199 651 2278 γάρ
670 2197 753 2279 ἔχθρα
776 2194 946 2274 μεσολαύοίη
969 2200 1013 2255 καὶ
1031 2197 1152 2280 διχόνοια
1172 2199 1290 2279 τρόπων,
1314 2196 1374 2256 ούτε
1394 2199 1409 2253 6

294 2295 384 2353 τελῶν
404 2294 480 2354 τελεῖ
501 2295 563 2353 ούτε
585 2300 599 2354 6
619 2296 787 2371 τελούμενος
807 2294 939 2354 τελεῖται·
962 2302 1021 2362 πῶς
1042 2299 1092 2376 γάρ
1114 2295 1240 2363 ἑπανάίει
1260 2299 1409 2375 όπρονοεῖν

232 2398 263 2449 2θ
294 2395 430 2475 ᾑρημένος
443 2397 473 2453 ῦν
488 2395 519 2452 ού
530 2396 685 2477 πεφίληκε;
702 2401 760 2460 πῶς
778 2394 807 2452 δὲ
825 2397 840 2451 6
861 2394 992 2453 διδάσκων
1012 2394 1110 2462 διδάξει
1131 2397 1177 2453 τὸν
1194 2399 1232 2471 μὴ
1256 2394 1410 2466 ἐπιτηδείως

295 2488 393 2574 ἔχοντα
420 2501 468 2564 τῆς
482 2498 573 2575 ψυχῆς
587 2495 654 2575 πρὸς
670 2497 719 2566 τήν
733 2495 848 2569 μάθησιν
857 2519 864 2566 ;
883 2495 906 2551 εί
920 2496 971 2574 γάρ
986 2495 1104 2552 ἐναντίον
1119 2500 1152 2570 τῇ
1173 2493 1250 2574 φιλίᾳ
1267 2494 1298 2549 τὸ
1313 2500 1407 2568 νεῖκος,

295 2592 325 2647 τὸ
353 2590 381 2648 δὲ
404 2598 492 2656 νεῖκος
512 2593 583 2674 ἀρχή
608 2591 783 2665 διαστάσεως,
820 2592 929 2656 εἰκότως
956 2596 974 2663 ἡ
1002 2590 1079 2674 φιλία
1103 2593 1237 2654 ἒνώσεως·
1262 2589 1356 2654 ’ἐνωσις
1382 2588 1409 2646 δέ

295 2688 446 2747 διεστώτων
471 2691 519 2747 οῦκ
540 2690 570 2748 δν
595 2689 687 2756 άλλως
710 2693 815 2769 γένοιτο
839 2693 862 2749 εί
887 2695 926 2766 μή
953 2692 1084 2770 πρότερον
1106 2695 1153 2748 τοῦ
1176 2692 1266 2770 ἐτέρου
1292 2687 1410 2767 θάτερον

296 2781 461 2867 ἐπιδράξεται
475 2790 505 2845 τὸ
520 2787 731 2869 δραστικώτερον
746 2796 793 2846 τοῦ
815 2788 922 2855 ἐνδεοῦς
943 2787 1062 2869 (δηλαδή
1086 2788 1134 2846 ὅσα
1149 2791 1259 2868 καὶπῦρ
1274 2793 1320 2845 τοῦ
1335 2786 1412 2859 σιδή-

234 2887 264 2937 25
297 2885 365 2966 ρου)·
382 2887 453 2944 ούτω
467 2890 512 2945 καί
526 2889 639 2945 ἐνταῦθα
654 2892 667 2945 6
684 2890 832 2967 Σωκράτης
852 2888 932 2968 φίλον
954 2889 1000 2945 τὸν
1024 2887 1142 2968 Φαῖδρον
1163 2887 1280 2951 καλέσας
1300 2886 1412 2958 διαίτης

297 2989 470 3066 προσρήσεως
490 2986 670 3067 ἐπιδράττεται
690 2988 796 3059 τούτου,
820 2987 856 3052 ώς
871 2986 902 3044 δν
917 2995 966 3059 τῆς
982 2987 1080 3050 οἰκείας
1095 2986 1173 3043 αῦτδν
1195 2989 1297 3062 ποιήσῃ
1320 3007 1412 3042 συνυυ-
1466 3038 1468 3040 ,

297 3083 353 3147 σίας
367 3081 449 3150 ἄξιον.
467 3085 495 3140 Εί
509 3083 537 3140 δέ
551 3106 577 3140 τι
593 3083 632 3141 δεῖ
646 3084 734 3140 καὶτὸ
748 3089 795 3140 τοῦ
815 3082 933 3164 Φαίδρου
949 3081 1036 3159 ὄνομα
1050 3082 1195 3148 ἀναπτύξαι
1211 3080 1284 3162 (οῦδὲ
1299 3081 1349 3161 γάρ
1368 3082 1413 3136 καί
1487 3095 1493 3110 “

296 3181 356 3258 περὶ
369 3185 452 3236 ταῦτα
465 3187 559 3260 χεῖρον
574 3183 601 3237 οί
618 3180 731 3238 παλαιοί
746 3180 924 3260 διετέθησαν),
942 3181 1028 3237 ίστέυν
1044 3180 1081 3244 ὡς
1100 3180 1130 3236 τὸ
1152 3179 1311 3260 φαινόμενον
1330 3177 1415 3235 καλὸν

298 3274 403 3334 διώκων
418 3281 432 3335 6
447 3278 564 3359 Φαῖδρος
587 3279 709 3360 (ἐραστής
722 3281 773 3361 γάρ
793 3280 826 3348 ήν
847 3285 901 3337 τῶν
923 3285 970 3336 τοῦ
993 3279 1091 3337 Λυσίου
1108 3277 1226 3358 λόγων),
1242 3279 1273 3336 τὸ
1288 3275 1371 3341 ύντως
1386 3275 1415 3333 δν

330 3465 360 3516 12
376 3469 415 3518 ἐπί
428 3495 460 3505 -
474 3470 535 3521 ίέναι
549 3469 615 3519 0ίῖ
678 3470 708 3521 14
723 3472 832 3538 ἀτεχνῶς
847 3472 924 3538 γάρ...
946 3475 1116 3538 Ειναγουμένῳ
1134 3474 1210 3522 τινί...
1233 3472 1316 3530 ἔοικας
1333 3467 1415 3521 2300

361 3537 390 3586 21
405 3542 513 3591 ἐναντίον
528 3541 682 3591 secundum
696 3541 890 3606 Empedoclem

331 3650 378 3701 NG
392 3650 405 3700 1
420 3652 481 3717 πρὸς
496 3655 629 3718 περίπατον
645 3653 691 3710 ἐ’ίω
705 3657 803 3720 τείχους
818 3654 890 3704 Plat.
957 3655 1129 3723 δκρίττοναα
1190 3674 1245 3706 τινα
1259 3668 1315 3705 om.
1333 3654 1353 3705 C

301 3727 382 3787 μέλλει
401 3722 477 3772 A’E:
499 3727 593 3787 μέλλων
612 3724 718 3775 ΑίῦΜτ
736 3729 816 3789 μέλλω
830 3729 889 3777 Αετ
953 3723 1007 3779 οίον
1022 3728 1091 3793 παρά
1104 3726 1162 3785 τοῦς
1181 3726 1289 3785 πολλοὺς
1303 3739 1414 3789 corrup-

301 3799 358 3844 tum
373 3793 436 3855 (nisi
449 3796 517 3860 παρὰ
530 3795 587 3854 τοῦς
601 3793 708 3854 πολλούς
720 3817 748 3839 =
760 3797 789 3848 οῦ
803 3799 867 3849 κατὰ
880 3798 938 3857 τοῦς
952 3795 1059 3857 πολλούς
1070 3820 1098 3841 =
1110 3801 1225 3856 ἐναντίως
1239 3803 1290 3857 τοῖς
1304 3796 1415 3860 πολλοῖς)

363 3866 377 3915 5
400 3867 530 3917 λοιπτδνυ
592 3867 743 3933 εὔγνωστον)
764 3869 884 3934 όίγευστον
904 3869 957 3920 Mc
1020 3870 1034 3919 7
1062 3870 1124 3936 βαθὺ
1143 3870 1237 3920 A=EB
1257 3869 1285 3919 in
1306 3881 1414 3931 marg.:

301 3934 357 3988 εῦθύ
373 3936 450 3987 MBC
514 3940 628 4002 σημαίνει
655 3940 682 3989 Μ
709 3938 1032 4003 (jam-correxeratAsr)
1094 3941 1211 4005 θᾶσαφῆ
1227 3941 1254 3989 M
1273 3940 1337 4002 liam
1357 3950 1417 3988 cor·

300 4014 407 4060 rexerat
424 4009 490 4068 ΛΒΤ)
553 4010 626 4060 θκσιί
641 4010 752 4075 φανδνΟ
815 4012 1036 4070 καὶτδδιειδέςΜ
1100 4012 1131 4062 10
1145 4018 1169 4064 σί
1179 4013 1276 4062 om.M
1342 4008 1414 4083 αὐτῇ]

302 4080 369 4147 αύτῷ
383 4080 411 4129 Μ
476 4083 551 4143 δῆλον
570 4081 598 4131 τδ
617 4083 656 4132 ἐπί
676 4084 703 4132 Μ
769 4083 798 4132 12
817 4083 979 4149 λεοφόρουΟ
1043 4087 1123 4148 μελλω
1143 4087 1219 4133 Asr:
1241 4087 1335 4147 μέλλων
1354 4080 1416 4131 libri

365 4153 393 4202 13
409 4156 422 4203 6
440 4152 551 4219 Φαῖδρος
568 4152 662 4203 addidi
724 4152 754 4203 14
777 4153 823 4206 οῦκ
844 4154 943 4218 ἐθέλεις]
964 4153 994 4206 οῦ
1013 4158 1088 4214 θέλεις
1103 4156 1131 4206 Μ
1196 4155 1226 4205 17
1249 4153 1368 4219 εὐλόγως,
1388 4151 1416 4204 εὐ

303 4224 376 4274 rubr.
396 4226 421 4274 Α
437 4237 443 4272 :
458 4224 486 4273 in
504 4224 627 4288 margine
646 4224 754 4275 stellula
769 4226 851 4275 rubra
914 4227 945 4276 18
963 4226 1110 4293 Σωκράτης]
1130 4225 1282 4294 Σωκράτους
1302 4226 1330 4275 Μ
1352 4223 1416 4287 (Jam

303 4303 457 4346 correxerat
471 4298 537 4358 Αετ)
600 4297 649 4363 γὰρ
663 4309 720 4347 om.
736 4297 765 4345 M
782 4300 806 4360 (ιι
821 4295 879 4346 οἱοὶ
895 4295 991 4362 plura,
1011 4301 1083 4347 certo
1104 4299 1152 4364 γὰρ
1171 4297 1269 4347 deest»
1288 4300 1354 4359 Αετ)

303 4367 334 4416 20
351 4366 484 4440 ᾑρημένος]
500 4369 627 4433 εἰρημένος
643 4368 670 4416 Μ
734 4369 776 4418 τδν
800 4381 854 4417 om.
870 4368 897 4416 M
962 4368 991 4418 23
1009 4368 1121 4435 θάτερον]
1138 4372 1223 4420 θᾶττον
1239 4368 1266 4417 Μ
1331 4368 1361 4418 25
1377 4372 1416 4418 ἐν·

303 4442 380 4489 ταῦθα
395 4444 408 4491 ό
423 4440 539 4503 scripsi:
555 4443 568 4490 6
583 4443 686 4491 ἐνταῦθα
701 4443 744 4489 A:
761 4443 845 4490 60m.
867 4441 895 4489 M
960 4439 990 4490 26
1005 4438 1091 4504 αύτῦν]
1116 4442 1193 4493 αὑτοῦ
1216 4441 1244 4490 Μ
1310 4439 1414 4514 ποιήσῃ]

304 4511 445 4576 ποιήσοιΜ
509 4510 540 4561 27
554 4513 581 4562 δέ
594 4511 627 4576 τι]
644 4513 665 4562 δ’
680 4514 758 4563 ’έτιΜ
822 4513 850 4563 τὸ
869 4525 925 4563 om.
945 4512 973 4563 M
1039 4513 1212 4579 γὰρκαίοιει.
1232 4512 1260 4563 Μ

1506 1895 1530 2056 ’ί
