3248 5512
422 479 478 532 ΕΙΣ
498 479 561 532 ’1οΝ
582 480 758 532 amoroz
778 479 920 532 ΦΑΙΔΡΟΝ
942 479 1064 532 ΣΧΟΛΙΔ
1278 494 1293 544 7

109 648 161 715 [62]
186 641 255 700 είναι
274 640 439 719 ἀναγκαῖα
461 641 642 716 μαθήματα
660 641 705 697 καί
728 638 836 716 μᾶλλον
857 637 922 698 ’όντα
943 639 976 698 τά
995 639 1057 720 πρὸ
1079 646 1138 711 τῆς
1159 639 1290 722 τέχνης·

184 744 201 812 ἡ
218 739 245 797 δὲ
259 738 342 820 τέχνη
358 737 426 809 αύτή
442 738 469 796 ἐν
488 743 523 815 τῇ
537 741 637 820 χρήσει
655 739 759 796 τούτων
773 738 818 796 καί
832 738 919 819 κρίσει
937 739 1020 812 ἐστὶν,
1037 739 1118 797 ὁπότε
1133 738 1178 796 καὶ
1194 741 1292 799 ὁπόσον

184 839 229 896 καί
245 843 303 902 πῶς
317 833 409 918 έχουσι
428 836 470 895 δεῖ
487 837 577 916 λέγειν
591 839 625 896 τά
639 839 779 918 εἰρημένα.
796 838 846 895 Καὶ
863 838 996 918 μάρτυρας
1010 837 1140 917 ἐπάγεται
1158 844 1197 912 τῷ
1215 837 1292 918 λόγῳ
1372 906 1376 915 Ι

183 936 238 992 τὸν
262 933 447 1014 μελίγηρυν
467 933 645 1014 Ἄδραστον
662 935 708 993 καὶ
724 934 858 1017 Περικλέα
871 936 919 991 τὸν
934 934 1103 994 Ξανθίππου.
1124 932 1168 999 Ὣς
1182 934 1234 1014 γάρ
1249 935 1292 992 ἐπὶ

137 1042 152 1091 5
184 1034 320 1113 ἰατρικῆς,
336 1031 408 1089 ούτω
426 1032 471 1089 καί
493 1031 536 1088 ἐπὶ
556 1032 712 1112 ῥητορικῆς·
734 1033 771 1097 ὡς
784 1033 837 1111 γάρ
852 1033 955 1111 ἀνάγκη
970 1037 1010 1106 τῷ
1029 1032 1066 1094 ὡς
1082 1031 1193 1104 ἀληθῶς
1209 1033 1293 1112 ίατρῷ

184 1128 281 1187 είδέναι
302 1130 353 1199 τὴν
367 1135 421 1188 τῶν
441 1130 575 1205 σωμάτων
595 1131 683 1210 φύσιν,
704 1128 803 1189 εἰδέναι
822 1129 851 1187 δέ
864 1131 909 1187 καὶ
924 1130 974 1199 τήν
994 1133 1048 1186 τῶν
1063 1129 1225 1209 φαρμάκων,
1247 1129 1293 1187 καί

78 1237 169 1289 1·18ν·
184 1229 252 1308 πρός
267 1227 372 1292 τούτοις
386 1228 419 1285 τά
431 1229 517 1301 πάθη,
530 1228 575 1286 θνα
588 1235 647 1292 τοῖς
663 1228 774 1292 οἰκείοις
790 1228 897 1304 σώμασι
917 1227 962 1283 καὶ
976 1229 1118 1303 παθήμασι
1135 1227 1141 1307 1
1158 1228 1192 1284 τά
1206 1228 1294 1285 σίκεῑα

184 1326 314 1407 φάρμακα
333 1327 528 1406 προσφέρων
552 1327 614 1404 ὑγιᾶ
628 1318 755 1402 ἀποδείξῃ
777 1327 825 1383 τόν
847 1323 999 1404 ἄνθρωπον·
1021 1325 1069 1383 τόν
1092 1324 1173 1381 αύτδν
1192 1325 1292 1405 τρόπον

185 1426 230 1481 καί
251 1430 290 1499 τῷ
312 1424 418 1504 ῥήτορι,
441 1423 534 1496 έπειδή
557 1424 756 1505 ψυχαγωγία
777 1424 880 1496 έστῖνή
903 1424 1046 1504 ῥητορική,
1066 1424 1171 1502 ἀνάγκη
1194 1422 1293 1482 εἰδέναι

123 1533 154 1585 10
185 1523 230 1580 καί
249 1526 340 1602 ψυχῆς
356 1523 433 1603 φύσιν
449 1525 507 1601 [τὸν
522 1523 649 1602 ρήτσρα],
673 1522 731 1580 ε’ίτε
745 1523 871 1580 σύνθετον
887 1521 945 1580 είτε
961 1522 1064 1580 ἀπλοῦν
1083 1522 1149 1594 ἐστι,
1165 1522 1209 1578 καὶ
1225 1523 1294 1598 μετά

183 1625 267 1676 ταῦτα
286 1625 341 1678 τῶν
357 1619 448 1699 λόγων
470 1621 503 1678 τά
525 1618 599 1695 εἴδη,
616 1622 661 1677 καὶ
683 1620 726 1677 έπὶ
740 1621 846 1684 τούτοις
859 1620 1028 1695 παθημάτων
1048 1617 1111 1692 ε’ίδη
1126 1641 1156 1678 τε
1175 1620 1220 1677 καὶ
1235 1618 1292 1678 δια-

184 1719 274 1799 φοράς·
299 1719 370 1776 ούτω
391 1721 443 1799 γάρ
456 1719 520 1783 τοὺς
539 1718 656 1783 οίκείους
673 1717 772 1798 λόγους
786 1726 845 1784 τοῖς
865 1720 974 1786 οίκείοις
987 1720 1145 1800 προσφέρων
1162 1718 1229 1778 ποτέ
1244 1719 1293 1795 μὶν

183 1817 280 1889 πείσει,
303 1816 369 1873 ποτὲ
390 1814 419 1874 δέ
440 1817 556 1893 ἰάσεται,
576 1818 646 1873 κατὰ
663 1817 726 1881 τοὺς
745 1819 931 1896 προσήκοντας
951 1816 1061 1896 καιρούς
1082 1814 1181 1874 ἕκαστα
1193 1821 1291 1877 ποιῶν.

183 1915 233 1971 Καὶ
254 1915 317 1994 περὶ
341 1915 389 1990 μέν
410 1923 459 1997 τῆς
478 1920 533 1972 τῶν
549 1915 640 1994 λόγων
662 1914 760 1996 τέχνης
780 1916 864 1972 ταῦτά
882 1937 958 1996 φησι.
981 1914 1047 1995 Περὶ
1069 1913 1097 1971 δὲ
1118 1919 1165 1971 τοῦ
1180 1915 1293 1996 γράφειν

121 2024 156 2076 15'
186 2012 284 2077 αύτούς
300 2006 362 2084 ἑξῆς
379 2015 467 2086 ζητεῖ,
483 2019 522 2090 πῇ
541 2011 633 2077 καλῶς
647 2012 704 2095 ἔχει
718 2015 832 2094 γράφειν
852 2013 897 2070 καὶ
911 2017 950 2090 πῇ
966 2013 997 2070 ού
1011 2012 1116 2077 καλῶς,
1133 2010 1230 2078 Καλῶς
1245 2013 1293 2089 μέν

183 2112 234 2191 γάρ
249 2109 308 2191 ἔχει
329 2111 394 2169 όταν
414 2110 550 2175 παιδιᾶς
574 2112 653 2192 χάριν
667 2113 712 2168 καὶ
728 2114 907 2189 ὑπομνήσεως
928 2110 975 2176 είς
994 2112 1029 2167 τὸ
1054 2110 1159 2184 λήθης
1179 2119 1291 2190 γῆρας,

182 2208 215 2265 ού
233 2207 325 2274 καλῶς
347 2208 375 2266 δὲ
395 2208 460 2266 όταν
474 2208 611 2286 σπουδάζη
633 2232 673 2274 τις
694 2209 738 2268 έπὶ
752 2210 858 2274 τούτοις
878 2209 916 2272 ὡς
937 2208 1001 2289 περί
1024 2209 1095 2288 μέγα
1108 2209 1220 2287 ἀγαθόν.
1244 2207 1293 2267 Καί

184 2306 260 2387 λέγει
283 2308 368 2382 μῦθόν
389 2330 458 2379 τινα,
482 2309 512 2365 ὃν
534 2307 633 2379 ἤκουσε
653 2309 716 2388 περὶ
737 2314 785 2366 τοῦ
806 2308 873 2367 Θεῦθ
894 2307 940 2365 καὶ
963 2306 1123 2383 νΑμμωνος,
1146 2307 1184 2371 ὡς
1206 2304 1258 2386 ἀρα
1278 2308 1293 2364 ό

183 2406 283 2486 Ἐρμῆς
297 2408 359 2487 εὗρε
371 2408 438 2487 πρὸς
451 2413 511 2473 ταῖς
525 2406 622 2474 ἀλλαις
635 2410 743 2488 τέχναις
758 2409 803 2465 καί
818 2409 868 2479 τήν
883 2412 937 2464 τῶν
952 2406 1135 2485 γραμμάτων,
1151 2406 1196 2462 καὶ
1208 2405 1293 2477 αὐτὴν

120 2517 152 2569 21)
183 2503 252 2581 ᾤετο
275 2507 410 2580 μνήμης
431 2505 606 2585 φάρμακον
629 2506 708 2576 εἶναι,
732 2504 848 2585 σοφίας
870 2502 899 2562 δὲ
917 2503 1016 2561 αίτίαν·
1037 2504 1052 2558 θ
1074 2500 1102 2559 δὲ
1118 2507 1226 2578 Θαμοῦς
1242 2502 1295 2584 οὐχ

184 2603 269 2668 οὕτως
282 2601 360 2679 ᾤετο,
378 2603 452 2661 ἀλλά
466 2603 620 2661 τούναντίον
643 2603 731 2676 λήθης
753 2604 801 2680 μὶν
816 2603 958 2683 φάρμακον
974 2599 1017 2658 διά
1030 2601 1062 2658 τό
1075 2607 1292 2681 καταφρονεῖν...

184 2703 222 2766 ὼς
238 2703 438 2783 γεγραμμένων
455 2700 652 2782 (θαρσήσαντες
673 2703 724 2781 γάρ
738 2703 775 2766 ὡς
793 2707 934 2782 γραφεῖσιν
949 2698 1084 2777 ἀμελοῦσι
1102 2707 1152 2772 τῆς
1174 2697 1292 2775 μελέτης

183 2801 229 2857 καὶ
250 2798 453 2858 ἀποθάλλουσιν
473 2801 491 2856 ἀ
512 2799 706 2881 μεμαθήκασι),
730 2798 887 2881 δοξοσοφίας
903 2797 932 2857 δέ
946 2799 1073 2880 ἀφορμήν
1095 2795 1292 2879 (πολυήκοοι

184 2903 243 2978 γάρ
271 2899 449 2978 γενόμενοι
477 2899 739 2978 πολυγνώμονες
767 2891 918 2965 δόξουσιν
945 2898 1042 2970 εἶναι,
1079 2895 1214 2975 ἀγνωσίαν
1246 2918 1291 2954 νο-

120 3009 152 3061 25
184 2997 316 3076 σοῦντες),
340 3001 388 3056 Διά
407 3004 491 3056 ταῦτα
513 2997 545 3068 δή
566 3001 610 3056 καί
631 3000 789 3056 τὰτοιαῦτα
803 2998 834 3055 ού
848 2998 958 3070 πολλῆς
972 3019 1045 3062 τινος
1064 2993 1209 3067 σπουδῆς
1223 2992 1293 3062 ἀξισι

184 3099 210 3155 οί
233 3098 420 3178 γεγραμμένοι
440 3097 609 3177 <λόγοι>,
635 3096 698 3154 ἀλλ’
721 3100 747 3154 οἱ
771 3097 959 3178 γεγραμμένοι
983 3096 1010 3152 έν
1032 3100 1092 3160 ταῖς
1114 3098 1215 3176 ψυχαῖς
1236 3097 1291 3152 τῶν

183 3197 336 3253 ἀκουόντων
350 3196 411 3272 μετ’
426 3196 578 3272 ἐπιστήμης
587 3202 635 3253 τοῦ
645 3195 772 3277 λέγοντος
785 3196 830 3253 καί
846 3197 994 3276 γράφοντος
1006 3194 1039 3253 ἀν
1053 3198 1151 3274 ψυχῇ.
1170 3214 1187 3252 ι(
1199 3192 1293 3272 ‘Ardy-

183 3294 269 3373 γελλε
288 3293 346 3366 οῦν,
363 3295 438 3375 φησί,
459 3299 544 3351 ταῦτα
558 3295 651 3366 Λυσίᾳ,
674 3295 718 3351 καί
738 3297 822 3369 ἡμεῖς
839 3292 985 3372 Ἰσοκράτει
1005 3291 1162 3367 ἀνοίσομεν,
1181 3314 1195 3346 ιι
1216 3290 1291 3348 ἐπαι-

183 3393 258 3456 νέσας
272 3391 354 3449 αύτοῦ
368 3394 418 3463 τήν
440 3393 517 3472 φύσιν
537 3392 582 3449 καὶ
600 3392 630 3449 τὸ
649 3394 714 3463 ήθος
727 3393 771 3448 καὶ
787 3391 847 3457 τοῦς
862 3389 970 3471 λόγους.
987 3390 1117 3462 <11αὶ>
1130 3388 1292 3445 καταπαύων

119 3505 151 3556 30
181 3491 229 3546 τὸν
250 3488 334 3568 λόγον
348 3488 457 3570 εύχεται
476 3495 551 3569 σοφῷ
565 3488 716 3568 πρέπουσαν
733 3488 818 3569 εύχήν
833 3490 899 3546 Πανί
919 3488 964 3545 καί
984 3493 1041 3552 τοῖς
1056 3484 1188 3550 ἐντοπίοις
1200 3482 1290 3562 θεοῖς,

214 3723 326 3774 12693
389 3721 674 3785 1269ΑοιΤγείωο
736 3721 881 3772 4-52708
945 3719 1057 3772 82708
1120 3719 1230 3770 92710

183 3794 306 3846 1227211
371 3795 400 3845 13
415 3792 482 3845 ibid.
546 3793 721 3845 worm
784 3793 814 3843 16
830 3790 1106 3843 274801012761)
1169 3790 1291 3842 182741)

244 3865 422 3917 2011127411
484 3865 672 3916 22ο1.275Α
734 3863 891 3916 2427513
953 3861 1137 3912 250127711
1200 3860 1292 3913 26278

184 3937 351 4012 Αίένψυχή)
414 3935 647 3987 2801278312
709 3934 839 3986 2927911
902 3933 1028 3984 302793

214 4072 260 4123 NG
274 4073 305 4123 10
318 4075 360 4125 τδν
376 4074 468 4143 ῥήτορα
482 4073 594 4125 seclusit
608 4077 666 4124 Aur
728 4072 759 4125 12
775 4075 904 4141 προφέρων
919 4077 943 4124 Α
958 4073 1016 4140 (προ
1031 4085 1065 4123 ex
1084 4072 1170 4140 προσ),
1188 4072 1237 4123 sed
1255 4072 1290 4122 cf.

183 4143 232 4194 l.8
254 4153 280 4194 et
304 4145 374 4197 Plat.
401 4147 555 4214 (προσφέρων
579 4147 762 4210 suprascripto
784 4165 832 4213 προ
857 4146 888 4207 B)
952 4143 984 4195 18
1005 4143 1080 4209 Θιὺθ]
1100 4145 1148 4195 θὼθ
1168 4143 1230 4193 libri

184 4214 213 4264 19
231 4217 343 4283 Ἑρμῆςι
363 4216 401 4267 ct.
423 4216 490 4266 add.
506 4222 531 4266 ει
545 4216 657 4282 συνείη,
672 4219 687 4266 4
749 4216 793 4280 τὴν
807 4230 860 4268 om.
878 4218 905 4266 M
970 4217 1001 4267 20
1020 4216 1046 4267 δὲ
1064 4223 1124 4280 post
1143 4219 1230 4281 σοφίας
1244 4229 1291 4266 su-

183 4288 320 4351 prascripo
337 4286 363 4339 τέ
380 4292 403 4337 Α
418 4291 444 4339 δέ
456 4307 482 4339 τε
498 4288 525 4338 Μ
591 4290 695 4353 Θαμοῦς
710 4288 822 4352 scripsi:
842 4290 952 4353 Ἀμμων
966 4287 1027 4337 libri
1089 4287 1119 4338 21
1138 4294 1199 4354 post
1214 4308 1292 4340 κατα-

183 4362 279 4425 φρονεῖν
294 4359 391 4423 supple
405 4359 607 4410 substantivum
621 4361 724 4424 aliquid
740 4361 785 4411 cui
798 4362 975 4427 γεγραμμένων
990 4359 1091 4410 referas
1153 4359 1184 4409 22
1198 4361 1293 4427 θαρσή-

184 4448 253 4480 σαντι
268 4428 297 4478 Μ
317 4429 381 4492 γ’]ἀω
397 4435 553 4482 correxerat
566 4434 633 4494 ΛΒΤ)
696 4431 726 4482 23
744 4435 889 4497 δοξοσοφίας
906 4459 938 4469 -
950 4431 982 4482 21
997 4430 1188 4497 πολυγνώμονες
1202 4443 1256 4481 om.
1269 4431 1291 4482 Β

220 4565 225 4576 ¹
243 4499 275 4550 21
284 4500 409 4566 δόξουσιν]
419 4502 563 4562 δοξάζουσιν
574 4504 602 4553 Μ
615 4503 769 4566 (δοξάζουσιν
779 4502 961 4567 suprascripto
972 4505 1014 4561 ξου
1022 4503 1056 4564 Β)
1119 4501 1150 4552 26
1160 4506 1183 4554 οί
1195 4515 1250 4553 om.
1261 4504 1290 4552 M

244 4575 315 4638 λόγοι
328 4571 420 4622 addidi
435 4586 470 4624 ex
494 4575 609 4627 Platone
671 4576 702 4627 29
717 4578 760 4627 καὶ
779 4574 871 4626 addidi
895 4576 982 4640 (φοιεε
1001 4574 1082 4626 etiam
1100 4574 1136 4628 de
1150 4587 1219 4629 νοοο
1238 4575 1292 4633 είτα

183 4642 307 4694 addenda
320 4644 447 4710 oogitare)
