<?xml version="1.0" encoding="UTF-8"?>
<!DOCTYPE html PUBLIC "-//W3C//DTD XHTML 1.0 Transitional//EN"
    "http://www.w3.org/TR/xhtml1/DTD/xhtml1-transitional.dtd">
<html xmlns="http://www.w3.org/1999/xhtml" xml:lang="en" lang="en">
 <head>
  <title>
</title>
<meta http-equiv="Content-Type" content="text/html;charset=utf-8" />
  <meta name='ocr-system' content='tesseract 3.04.00' />
  <meta name='ocr-capabilities' content='ocr_page ocr_carea ocr_par ocr_line ocrx_word'/>
</head>
<body>
  <div class='ocr_page' id='page_1' title='image "./hermiaealexandr00alexgoog_0068.png"; bbox 0 0 3248 5512; ppageno 0'>
   <div class='ocr_carea' id='block_1_1' title="bbox 378 473 1261 542">
    <p class='ocr_par' dir='ltr' id='par_1_1' title="bbox 378 473 1261 542">
     <span class='ocr_line' id='line_1_1' title="bbox 378 473 1261 542; baseline 0.005 -18"><span class='ocrx_word' id='word_1_1' title='bbox 378 473 431 524; x_wconf 79' lang='grc' dir='ltr'>ΕιΣ</span> <span class='ocrx_word' id='word_1_2' title='bbox 453 475 514 525; x_wconf 79' lang='grc' dir='ltr'>ιοιι</span> <span class='ocrx_word' id='word_1_3' title='bbox 536 474 712 526; x_wconf 55' lang='lat' dir='ltr'><strong>nmmos.</strong></span> <span class='ocrx_word' id='word_1_4' title='bbox 738 476 881 528; x_wconf 75' lang='grc' dir='ltr'>ψοιινοιι</span> <span class='ocrx_word' id='word_1_5' title='bbox 904 478 1026 529; x_wconf 69' lang='grc' dir='ltr'>Συοιιε</span> <span class='ocrx_word' id='word_1_6' title='bbox 1231 492 1261 542; x_wconf 75' lang='lat'>21</span> 
     </span>
    </p>
   </div>
   <div class='ocr_carea' id='block_1_2' title="bbox 60 619 1326 1387">
    <p class='ocr_par' dir='ltr' id='par_1_2' title="bbox 60 619 1262 1000">
     <span class='ocr_line' id='line_1_2' title="bbox 60 619 1259 707; baseline 0.003 -26"><span class='ocrx_word' id='word_1_7' title='bbox 60 631 113 698; x_wconf 81' lang='lat'>[69]</span> <span class='ocrx_word' id='word_1_8' title='bbox 146 624 234 705; x_wconf 87' lang='grc' dir='ltr'>ἐφίησι</span> <span class='ocrx_word' id='word_1_9' title='bbox 248 624 292 679; x_wconf 76' lang='grc' dir='ltr'>καί</span> <span class='ocrx_word' id='word_1_10' title='bbox 303 622 403 694; x_wconf 83' lang='grc' dir='ltr'>ταότην</span> <span class='ocrx_word' id='word_1_11' title='bbox 416 621 508 699; x_wconf 78' lang='grc' dir='ltr'>ἀνάγει</span> <span class='ocrx_word' id='word_1_12' title='bbox 520 623 587 701; x_wconf 86' lang='grc' dir='ltr'>πρὸς</span> <span class='ocrx_word' id='word_1_13' title='bbox 602 625 650 694; x_wconf 75' lang='grc' dir='ltr'>τήν</span> <span class='ocrx_word' id='word_1_14' title='bbox 664 622 754 697; x_wconf 79' lang='grc' dir='ltr'>ἀληθῆ</span> <span class='ocrx_word' id='word_1_15' title='bbox 770 619 823 691; x_wconf 79' lang='grc' dir='ltr'>ἐξιν</span> <span class='ocrx_word' id='word_1_16' title='bbox 835 626 872 689; x_wconf 86' lang='grc' dir='ltr'>ὡς</span> <span class='ocrx_word' id='word_1_17' title='bbox 887 628 901 682; x_wconf 99' lang='lat'>6</span> <span class='ocrx_word' id='word_1_18' title='bbox 915 626 1060 706; x_wconf 88' lang='grc' dir='ltr'>Σωκράτης</span> <span class='ocrx_word' id='word_1_19' title='bbox 1075 628 1120 683; x_wconf 87' lang='grc' dir='ltr'>τὸν</span> <span class='ocrx_word' id='word_1_20' title='bbox 1134 626 1259 707; x_wconf 76' lang='grc' dir='ltr'>Φαῖδρον</span> 
     </span>
     <span class='ocr_line' id='line_1_3' title="bbox 145 721 1261 804; baseline 0.003 -25"><span class='ocrx_word' id='word_1_21' title='bbox 145 723 371 803; x_wconf 82' lang='grc' dir='ltr'>εόθυφοροόμενος</span> <span class='ocrx_word' id='word_1_22' title='bbox 385 721 437 799; x_wconf 76' lang='grc' dir='ltr'>γάρ</span> <span class='ocrx_word' id='word_1_23' title='bbox 455 722 594 795; x_wconf 78' lang='grc' dir='ltr'>συντόμως</span> <span class='ocrx_word' id='word_1_24' title='bbox 610 723 677 801; x_wconf 87' lang='grc' dir='ltr'>πρὸς</span> <span class='ocrx_word' id='word_1_25' title='bbox 697 724 788 781; x_wconf 80' lang='grc' dir='ltr'>ἐαυτὸν</span> <span class='ocrx_word' id='word_1_26' title='bbox 803 724 995 804; x_wconf 82' lang='grc' dir='ltr'>ἐπιστρέφεται·</span> <span class='ocrx_word' id='word_1_27' title='bbox 1014 724 1072 782; x_wconf 86' lang='grc' dir='ltr'>κατ’</span> <span class='ocrx_word' id='word_1_28' title='bbox 1093 725 1154 782; x_wconf 71' lang='grc' dir='ltr'>εόθθ</span> <span class='ocrx_word' id='word_1_29' title='bbox 1174 724 1202 782; x_wconf 74' lang='grc' dir='ltr'>δὲ</span> <span class='ocrx_word' id='word_1_30' title='bbox 1217 726 1261 782; x_wconf 86' lang='grc' dir='ltr'>ότε</span> 
     </span>
     <span class='ocr_line' id='line_1_4' title="bbox 145 817 1261 903; baseline 0.001 -25"><span class='ocrx_word' id='word_1_31' title='bbox 145 823 251 899; x_wconf 79' lang='grc' dir='ltr'>συνάγει</span> <span class='ocrx_word' id='word_1_32' title='bbox 270 822 316 876; x_wconf 83' lang='grc' dir='ltr'>καὶ</span> <span class='ocrx_word' id='word_1_33' title='bbox 333 822 381 892; x_wconf 76' lang='grc' dir='ltr'>τὴν</span> <span class='ocrx_word' id='word_1_34' title='bbox 400 817 478 885; x_wconf 82' lang='grc' dir='ltr'>δόξαν</span> <span class='ocrx_word' id='word_1_35' title='bbox 501 819 531 874; x_wconf 85' lang='lat'>06</span> <span class='ocrx_word' id='word_1_36' title='bbox 549 821 616 899; x_wconf 86' lang='grc' dir='ltr'>πρὸς</span> <span class='ocrx_word' id='word_1_37' title='bbox 639 819 740 893; x_wconf 88' lang='grc' dir='ltr'>ἐκείνην</span> <span class='ocrx_word' id='word_1_38' title='bbox 759 821 832 881; x_wconf 81' lang='grc' dir='ltr'>ἀλλὰ</span> <span class='ocrx_word' id='word_1_39' title='bbox 852 826 913 902; x_wconf 75' lang='grc' dir='ltr'>περί</span> <span class='ocrx_word' id='word_1_40' title='bbox 933 824 965 879; x_wconf 76' lang='grc' dir='ltr'>τά</span> <span class='ocrx_word' id='word_1_41' title='bbox 986 823 1086 895; x_wconf 87' lang='grc' dir='ltr'>ἐκείνης</span> <span class='ocrx_word' id='word_1_42' title='bbox 1104 824 1261 903; x_wconf 83' lang='grc' dir='ltr'>ἀναστρεφό-</span> 
     </span>
     <span class='ocr_line' id='line_1_5' title="bbox 147 918 1262 1000; baseline 0 -23"><span class='ocrx_word' id='word_1_43' title='bbox 147 942 235 995; x_wconf 83' lang='grc' dir='ltr'>μενος,</span> <span class='ocrx_word' id='word_1_44' title='bbox 252 919 342 997; x_wconf 83' lang='grc' dir='ltr'>ίόσπερ</span> <span class='ocrx_word' id='word_1_45' title='bbox 364 918 474 974; x_wconf 78' lang='grc' dir='ltr'>ἐνταῦθα</span> <span class='ocrx_word' id='word_1_46' title='bbox 489 919 503 973; x_wconf 88' lang='lat'>6</span> <span class='ocrx_word' id='word_1_47' title='bbox 520 919 666 997; x_wconf 73' lang='grc' dir='ltr'>Σωκράτης</span> <span class='ocrx_word' id='word_1_48' title='bbox 685 921 747 999; x_wconf 80' lang='grc' dir='ltr'>περὶ</span> <span class='ocrx_word' id='word_1_49' title='bbox 768 922 864 977; x_wconf 75' lang='grc' dir='ltr'>λυαίου</span> <span class='ocrx_word' id='word_1_50' title='bbox 887 921 961 1000; x_wconf 93' lang='grc' dir='ltr'>λέγει</span> <span class='ocrx_word' id='word_1_51' title='bbox 982 928 1062 978; x_wconf 79' lang='grc' dir='ltr'>κινῶν</span> <span class='ocrx_word' id='word_1_52' title='bbox 1081 921 1142 986; x_wconf 65' lang='grc' dir='ltr'>τοὺς</span> <span class='ocrx_word' id='word_1_53' title='bbox 1165 920 1262 1000; x_wconf 84' lang='grc' dir='ltr'>λόγους</span> 
     </span>
    </p>

    <p class='ocr_par' dir='ltr' id='par_1_3' title="bbox 97 1014 1326 1387">
     <span class='ocr_line' id='line_1_6' title="bbox 97 1014 1326 1097; baseline 0.002 -23"><span class='ocrx_word' id='word_1_54' title='bbox 97 1028 112 1074; x_wconf 84' lang='grc'>5</span> <span class='ocrx_word' id='word_1_55' title='bbox 145 1017 225 1077; x_wconf 74' lang='grc' dir='ltr'>αὐτοῦ</span> <span class='ocrx_word' id='word_1_56' title='bbox 249 1020 294 1074; x_wconf 80' lang='grc' dir='ltr'>καὶ</span> <span class='ocrx_word' id='word_1_57' title='bbox 316 1018 349 1073; x_wconf 86' lang='grc' dir='ltr'>τά</span> <span class='ocrx_word' id='word_1_58' title='bbox 370 1014 553 1094; x_wconf 73' lang='grc' dir='ltr'>ἀσυλλόγιστα</span> <span class='ocrx_word' id='word_1_59' title='bbox 574 1018 786 1097; x_wconf 82' lang='grc' dir='ltr'>συμπεράσματα</span> <span class='ocrx_word' id='word_1_60' title='bbox 808 1019 850 1076; x_wconf 80' lang='grc' dir='ltr'>ἐπὶ</span> <span class='ocrx_word' id='word_1_61' title='bbox 870 1029 919 1091; x_wconf 81' lang='grc' dir='ltr'>τῆς</span> <span class='ocrx_word' id='word_1_62' title='bbox 943 1019 1070 1093; x_wconf 79' lang='grc' dir='ltr'>διανοίας,</span> <span class='ocrx_word' id='word_1_63' title='bbox 1094 1022 1131 1084; x_wconf 82' lang='grc' dir='ltr'>ὡς</span> <span class='ocrx_word' id='word_1_64' title='bbox 1153 1021 1262 1077; x_wconf 75' lang='grc' dir='ltr'>ἐνταῦθα</span> <span class='ocrx_word' id='word_1_65' title='bbox 1324 1039 1326 1044; x_wconf 82' lang='grc'><strong><em>’</em></strong></span> 
     </span>
     <span class='ocr_line' id='line_1_7' title="bbox 146 1114 1262 1200; baseline 0.001 -27"><span class='ocrx_word' id='word_1_66' title='bbox 146 1116 187 1173; x_wconf 75' lang='grc' dir='ltr'>ἐπὶ</span> <span class='ocrx_word' id='word_1_67' title='bbox 201 1122 247 1174; x_wconf 74' lang='grc' dir='ltr'>τοῦ</span> <span class='ocrx_word' id='word_1_68' title='bbox 263 1114 390 1194; x_wconf 78' lang='grc' dir='ltr'>Φαίδρου,</span> <span class='ocrx_word' id='word_1_69' title='bbox 406 1117 520 1179; x_wconf 76' lang='grc' dir='ltr'>θναταῖς</span> <span class='ocrx_word' id='word_1_70' title='bbox 534 1115 644 1189; x_wconf 84' lang='grc' dir='ltr'>ἀμέσοις</span> <span class='ocrx_word' id='word_1_71' title='bbox 661 1117 804 1196; x_wconf 76' lang='grc' dir='ltr'>προτάσεσι</span> <span class='ocrx_word' id='word_1_72' title='bbox 821 1119 888 1196; x_wconf 84' lang='grc' dir='ltr'>πρὸς</span> <span class='ocrx_word' id='word_1_73' title='bbox 911 1119 942 1181; x_wconf 79' lang='grc' dir='ltr'>ἃς</span> <span class='ocrx_word' id='word_1_74' title='bbox 965 1120 979 1174; x_wconf 93' lang='lat'>6</span> <span class='ocrx_word' id='word_1_75' title='bbox 1000 1124 1060 1184; x_wconf 72' lang='grc' dir='ltr'>νοός</span> <span class='ocrx_word' id='word_1_76' title='bbox 1081 1118 1166 1199; x_wconf 76' lang='grc' dir='ltr'>ἀφορᾷ</span> <span class='ocrx_word' id='word_1_77' title='bbox 1188 1121 1262 1200; x_wconf 77' lang='grc' dir='ltr'>χρη-</span> 
     </span>
     <span class='ocr_line' id='line_1_8' title="bbox 145 1211 1262 1295; baseline 0.003 -24"><span class='ocrx_word' id='word_1_78' title='bbox 145 1237 224 1287; x_wconf 85' lang='grc' dir='ltr'>σηται</span> <span class='ocrx_word' id='word_1_79' title='bbox 238 1218 255 1284; x_wconf 79' lang='grc' dir='ltr'><strong>ἡ</strong></span> <span class='ocrx_word' id='word_1_80' title='bbox 271 1213 373 1271; x_wconf 84' lang='grc' dir='ltr'>διάνοια</span> <span class='ocrx_word' id='word_1_81' title='bbox 385 1213 452 1291; x_wconf 90' lang='grc' dir='ltr'>πρὸς</span> <span class='ocrx_word' id='word_1_82' title='bbox 465 1214 495 1269; x_wconf 82' lang='grc' dir='ltr'>τό</span> <span class='ocrx_word' id='word_1_83' title='bbox 509 1220 558 1285; x_wconf 81' lang='grc' dir='ltr'>τῆς</span> <span class='ocrx_word' id='word_1_84' title='bbox 572 1211 652 1285; x_wconf 75' lang='grc' dir='ltr'>δόξης</span> <span class='ocrx_word' id='word_1_85' title='bbox 668 1214 848 1295; x_wconf 73' lang='grc' dir='ltr'>συμπέρασμα</span> <span class='ocrx_word' id='word_1_86' title='bbox 861 1217 906 1272; x_wconf 77' lang='grc' dir='ltr'>καὶ</span> <span class='ocrx_word' id='word_1_87' title='bbox 918 1220 1024 1294; x_wconf 72' lang='grc' dir='ltr'>γνωσθῇ</span> <span class='ocrx_word' id='word_1_88' title='bbox 1040 1218 1063 1274; x_wconf 83' lang='grc' dir='ltr'>εί</span> <span class='ocrx_word' id='word_1_89' title='bbox 1076 1216 1169 1281; x_wconf 81' lang='grc' dir='ltr'>καλῶς</span> <span class='ocrx_word' id='word_1_90' title='bbox 1183 1217 1201 1287; x_wconf 73' lang='grc' dir='ltr'>θ,</span> <span class='ocrx_word' id='word_1_91' title='bbox 1217 1221 1262 1274; x_wconf 78' lang='grc' dir='ltr'>καί</span> 
     </span>
     <span class='ocr_line' id='line_1_9' title="bbox 144 1308 477 1387; baseline 0 -17"><span class='ocrx_word' id='word_1_92' title='bbox 144 1317 235 1386; x_wconf 83' lang='grc' dir='ltr'>ἠπατη</span> <span class='ocrx_word' id='word_1_93' title='bbox 241 1312 327 1387; x_wconf 84' lang='grc' dir='ltr'>μένως</span> <span class='ocrx_word' id='word_1_94' title='bbox 342 1308 477 1376; x_wconf 80' lang='grc' dir='ltr'>δεδόξακε.</span> 
     </span>
    </p>
   </div>
   <div class='ocr_carea' id='block_1_3' title="bbox 185 1481 781 1561">
    <p class='ocr_par' dir='ltr' id='par_1_4' title="bbox 185 1481 781 1561">
     <span class='ocr_line' id='line_1_10' title="bbox 185 1481 781 1561; baseline 0.005 -22"><span class='ocrx_word' id='word_1_95' title='bbox 185 1493 226 1547; x_wconf 70' lang='grc' dir='ltr'>ζ’,</span> <span class='ocrx_word' id='word_1_96' title='bbox 248 1485 305 1539; x_wconf 78' lang='grc' dir='ltr'>Καὶ</span> <span class='ocrx_word' id='word_1_97' title='bbox 327 1484 390 1558; x_wconf 73' lang='grc' dir='ltr'>μὴν</span> <span class='ocrx_word' id='word_1_98' title='bbox 411 1481 433 1537; x_wconf 84' lang='grc' dir='ltr'><em>ὦ</em></span> <span class='ocrx_word' id='word_1_99' title='bbox 457 1483 638 1561; x_wconf 82' lang='grc' dir='ltr'>Σώκρατες]</span> <span class='ocrx_word' id='word_1_100' title='bbox 664 1484 721 1542; x_wconf 86' lang='grc'>227</span> <span class='ocrx_word' id='word_1_101' title='bbox 745 1481 781 1543; x_wconf 86' lang='lat' dir='ltr'>C.</span> 
     </span>
    </p>
   </div>
   <div class='ocr_carea' id='block_1_4' title="bbox 79 1617 1262 2197">
    <p class='ocr_par' dir='ltr' id='par_1_5' title="bbox 79 1617 1262 2100">
     <span class='ocr_line' id='line_1_11' title="bbox 79 1617 1262 1705; baseline 0.005 -31"><span class='ocrx_word' id='word_1_102' title='bbox 79 1625 112 1676; x_wconf 90' lang='grc'>10</span> <span class='ocrx_word' id='word_1_103' title='bbox 184 1622 212 1679; x_wconf 92' lang='lat'>&#39;0</span> <span class='ocrx_word' id='word_1_104' title='bbox 233 1623 284 1701; x_wconf 79' lang='grc' dir='ltr'>γάρ</span> <span class='ocrx_word' id='word_1_105' title='bbox 307 1618 453 1699; x_wconf 86' lang='grc' dir='ltr'>Σωκράτης</span> <span class='ocrx_word' id='word_1_106' title='bbox 472 1617 532 1698; x_wconf 87' lang='grc' dir='ltr'>τρία</span> <span class='ocrx_word' id='word_1_107' title='bbox 555 1624 638 1674; x_wconf 73' lang='grc' dir='ltr'>ταῦτα</span> <span class='ocrx_word' id='word_1_108' title='bbox 660 1617 804 1697; x_wconf 83' lang='grc' dir='ltr'>ὡμολόγει</span> <span class='ocrx_word' id='word_1_109' title='bbox 823 1618 928 1677; x_wconf 81' lang='grc' dir='ltr'>εἰδέναι·</span> <span class='ocrx_word' id='word_1_110' title='bbox 952 1623 1000 1693; x_wconf 71' lang='grc' dir='ltr'>τήν</span> <span class='ocrx_word' id='word_1_111' title='bbox 1019 1622 1148 1702; x_wconf 72' lang='grc' dir='ltr'>ἐρωτικὴν</span> <span class='ocrx_word' id='word_1_112' title='bbox 1165 1624 1262 1705; x_wconf 75' lang='grc' dir='ltr'>τέχνην</span> 
     </span>
     <span class='ocr_line' id='line_1_12' title="bbox 144 1714 1262 1811; baseline -0.002 -31"><span class='ocrx_word' id='word_1_113' title='bbox 144 1725 182 1787; x_wconf 83' lang='grc' dir='ltr'>ὡς</span> <span class='ocrx_word' id='word_1_114' title='bbox 196 1722 241 1777; x_wconf 79' lang='grc' dir='ltr'>καὶ</span> <span class='ocrx_word' id='word_1_115' title='bbox 256 1720 282 1777; x_wconf 87' lang='grc' dir='ltr'>έν</span> <span class='ocrx_word' id='word_1_116' title='bbox 302 1719 480 1792; x_wconf 85' lang='grc' dir='ltr'>Συμποσίῳ</span> <span class='ocrx_word' id='word_1_117' title='bbox 496 1714 647 1811; x_wconf 35' lang='grc' dir='ltr'>λέγειγπερὶ</span> <span class='ocrx_word' id='word_1_118' title='bbox 665 1726 717 1788; x_wconf 74' lang='grc' dir='ltr'>τῆς</span> <span class='ocrx_word' id='word_1_119' title='bbox 731 1719 870 1793; x_wconf 85' lang='grc' dir='ltr'>Διοτίμσις·</span> <span class='ocrx_word' id='word_1_120' title='bbox 889 1744 903 1773; x_wconf 91' lang='grc' dir='ltr'>ιι</span> <span class='ocrx_word' id='word_1_121' title='bbox 917 1719 991 1790; x_wconf 73' lang='grc' dir='ltr'>ἥτις</span> <span class='ocrx_word' id='word_1_122' title='bbox 1015 1743 1053 1796; x_wconf 87' lang='grc' dir='ltr'>με</span> <span class='ocrx_word' id='word_1_123' title='bbox 1075 1719 1203 1788; x_wconf 77' lang='grc' dir='ltr'>ἐδίδαξε</span> <span class='ocrx_word' id='word_1_124' title='bbox 1225 1725 1262 1781; x_wconf 78' lang='grc' dir='ltr'>τά</span> 
     </span>
     <span class='ocr_line' id='line_1_13' title="bbox 145 1815 1261 1902; baseline 0.001 -25"><span class='ocrx_word' id='word_1_125' title='bbox 145 1818 296 1902; x_wconf 79' lang='grc' dir='ltr'>ἐρωτικά·</span> <span class='ocrx_word' id='word_1_126' title='bbox 316 1842 329 1871; x_wconf 89' lang='lat'>»</span> <span class='ocrx_word' id='word_1_127' title='bbox 352 1819 401 1887; x_wconf 68' lang='grc' dir='ltr'>τὴν</span> <span class='ocrx_word' id='word_1_128' title='bbox 427 1816 585 1895; x_wconf 80' lang='grc' dir='ltr'>μαιευτικὴν</span> <span class='ocrx_word' id='word_1_129' title='bbox 609 1817 647 1878; x_wconf 86' lang='grc' dir='ltr'>ὡς</span> <span class='ocrx_word' id='word_1_130' title='bbox 670 1815 696 1872; x_wconf 86' lang='grc' dir='ltr'>έν</span> <span class='ocrx_word' id='word_1_131' title='bbox 719 1820 904 1890; x_wconf 67' lang='grc' dir='ltr'>Θεαιτήτῳ·</span> <span class='ocrx_word' id='word_1_132' title='bbox 933 1842 947 1872; x_wconf 87' lang='grc' dir='ltr'>ιι</span> <span class='ocrx_word' id='word_1_133' title='bbox 965 1820 1162 1893; x_wconf 76' lang='grc' dir='ltr'>μαιεύεσθαί</span> <span class='ocrx_word' id='word_1_134' title='bbox 1188 1824 1261 1896; x_wconf 79' lang='grc' dir='ltr'>μεθ</span> 
     </span>
     <span class='ocr_line' id='line_1_14' title="bbox 143 1912 1259 1999; baseline -0.005 -22"><span class='ocrx_word' id='word_1_135' title='bbox 143 1918 226 1984; x_wconf 62' lang='grc' dir='ltr'>θεὸς</span> <span class='ocrx_word' id='word_1_136' title='bbox 247 1916 417 1975; x_wconf 80' lang='grc' dir='ltr'>ἐκέλευσε·</span> <span class='ocrx_word' id='word_1_137' title='bbox 444 1938 458 1968; x_wconf 80' lang='grc' dir='ltr'>ν</span> <span class='ocrx_word' id='word_1_138' title='bbox 483 1916 531 1984; x_wconf 79' lang='grc' dir='ltr'>τήν</span> <span class='ocrx_word' id='word_1_139' title='bbox 552 1912 722 1986; x_wconf 76' lang='grc' dir='ltr'>διαλεκτικὴν</span> <span class='ocrx_word' id='word_1_140' title='bbox 743 1916 781 1979; x_wconf 84' lang='grc' dir='ltr'>ὡς</span> <span class='ocrx_word' id='word_1_141' title='bbox 803 1915 828 1971; x_wconf 87' lang='grc' dir='ltr'>ἐν</span> <span class='ocrx_word' id='word_1_142' title='bbox 850 1914 1022 1994; x_wconf 83' lang='grc' dir='ltr'>Κρατόλῳ·</span> <span class='ocrx_word' id='word_1_143' title='bbox 1049 1942 1063 1973; x_wconf 90' lang='grc' dir='ltr'>ιι</span> <span class='ocrx_word' id='word_1_144' title='bbox 1080 1917 1143 1996; x_wconf 90' lang='grc' dir='ltr'>ἐγὼ</span> <span class='ocrx_word' id='word_1_145' title='bbox 1168 1919 1227 1999; x_wconf 87' lang='grc' dir='ltr'>γάρ</span> <span class='ocrx_word' id='word_1_146' title='bbox 1245 1945 1259 1972; x_wconf 75' lang='grc' dir='ltr'>ν</span> 
     </span>
     <span class='ocr_line' id='line_1_15' title="bbox 145 2011 1262 2100; baseline 0.004 -31"><span class='ocrx_word' id='word_1_147' title='bbox 145 2019 224 2100; x_wconf 73' lang='grc' dir='ltr'>ρησὶν</span> <span class='ocrx_word' id='word_1_148' title='bbox 252 2042 266 2071; x_wconf 91' lang='grc' dir='ltr'>ιι</span> <span class='ocrx_word' id='word_1_149' title='bbox 291 2014 384 2072; x_wconf 76' lang='grc' dir='ltr'>οὐδὲν</span> <span class='ocrx_word' id='word_1_150' title='bbox 409 2012 482 2070; x_wconf 83' lang='grc' dir='ltr'>οἶδα</span> <span class='ocrx_word' id='word_1_151' title='bbox 508 2011 595 2082; x_wconf 73' lang='grc' dir='ltr'>πλὴν</span> <span class='ocrx_word' id='word_1_152' title='bbox 620 2011 732 2069; x_wconf 81' lang='grc' dir='ltr'>δοῦναι</span> <span class='ocrx_word' id='word_1_153' title='bbox 759 2014 860 2093; x_wconf 88' lang='grc' dir='ltr'>λόγον</span> <span class='ocrx_word' id='word_1_154' title='bbox 884 2017 938 2070; x_wconf 82' lang='grc' dir='ltr'>καί</span> <span class='ocrx_word' id='word_1_155' title='bbox 962 2011 1089 2076; x_wconf 80' lang='grc' dir='ltr'>λαθεῖν.</span> <span class='ocrx_word' id='word_1_156' title='bbox 1115 2041 1129 2070; x_wconf 88' lang='lat'>»</span> <span class='ocrx_word' id='word_1_157' title='bbox 1158 2018 1197 2074; x_wconf 85' lang='grc' dir='ltr'>Δι’</span> <span class='ocrx_word' id='word_1_158' title='bbox 1225 2020 1262 2079; x_wconf 84' lang='grc' dir='ltr'>ιῖιν</span> 
     </span>
    </p>

    <p class='ocr_par' dir='ltr' id='par_1_6' title="bbox 80 2111 681 2197">
     <span class='ocr_line' id='line_1_16' title="bbox 80 2111 681 2197; baseline -0.015 -22"><span class='ocrx_word' id='word_1_159' title='bbox 80 2115 111 2166; x_wconf 85' lang='lat'>15</span> <span class='ocrx_word' id='word_1_160' title='bbox 143 2122 224 2197; x_wconf 81' lang='grc' dir='ltr'>τριῶν</span> <span class='ocrx_word' id='word_1_161' title='bbox 238 2115 394 2189; x_wconf 78' lang='grc' dir='ltr'>ἐπιστημῶν</span> <span class='ocrx_word' id='word_1_162' title='bbox 406 2112 509 2192; x_wconf 84' lang='grc' dir='ltr'>ὠφελεῖ</span> <span class='ocrx_word' id='word_1_163' title='bbox 523 2111 584 2174; x_wconf 69' lang='grc' dir='ltr'>τοὺς</span> <span class='ocrx_word' id='word_1_164' title='bbox 595 2112 681 2175; x_wconf 82' lang='grc' dir='ltr'>νέους.</span> 
     </span>
    </p>
   </div>
   <div class='ocr_carea' id='block_1_5' title="bbox 185 2268 873 2348">
    <p class='ocr_par' dir='ltr' id='par_1_7' title="bbox 185 2268 873 2348">
     <span class='ocr_line' id='line_1_17' title="bbox 185 2268 873 2348; baseline 0.013 -24"><span class='ocrx_word' id='word_1_165' title='bbox 185 2275 218 2343; x_wconf 73' lang='grc' dir='ltr'>ζ’.</span> <span class='ocrx_word' id='word_1_166' title='bbox 242 2275 339 2342; x_wconf 85' lang='grc' dir='ltr'>&lt;Οόκ</span> <span class='ocrx_word' id='word_1_167' title='bbox 360 2269 424 2328; x_wconf 72' lang='grc' dir='ltr'>οἷδ’</span> <span class='ocrx_word' id='word_1_168' title='bbox 447 2268 557 2326; x_wconf 83' lang='grc' dir='ltr'>όντινα</span> <span class='ocrx_word' id='word_1_169' title='bbox 574 2269 745 2348; x_wconf 79' lang='grc' dir='ltr'>τρόπον&gt;]</span> <span class='ocrx_word' id='word_1_170' title='bbox 762 2271 820 2330; x_wconf 82' lang='lat'>227</span> <span class='ocrx_word' id='word_1_171' title='bbox 837 2269 873 2334; x_wconf 89' lang='lat' dir='ltr'>C.</span> 
     </span>
    </p>
   </div>
   <div class='ocr_carea' id='block_1_6' title="bbox 38 2405 1262 3767">
    <p class='ocr_par' dir='ltr' id='par_1_8' title="bbox 143 2405 1262 2685">
     <span class='ocr_line' id='line_1_18' title="bbox 182 2405 1262 2488; baseline 0 -22"><span class='ocrx_word' id='word_1_172' title='bbox 182 2411 217 2467; x_wconf 87' lang='lat' dir='ltr'>T6</span> <span class='ocrx_word' id='word_1_173' title='bbox 239 2409 297 2466; x_wconf 79' lang='grc' dir='ltr'>οὐκ</span> <span class='ocrx_word' id='word_1_174' title='bbox 319 2405 392 2464; x_wconf 87' lang='grc' dir='ltr'>οίδα</span> <span class='ocrx_word' id='word_1_175' title='bbox 413 2405 523 2463; x_wconf 79' lang='grc' dir='ltr'>ὅντινα</span> <span class='ocrx_word' id='word_1_176' title='bbox 543 2406 664 2485; x_wconf 87' lang='grc' dir='ltr'>τρόπον</span> <span class='ocrx_word' id='word_1_177' title='bbox 685 2405 859 2484; x_wconf 87' lang='grc' dir='ltr'>ἐρωτικός·</span> <span class='ocrx_word' id='word_1_178' title='bbox 883 2406 974 2479; x_wconf 77' lang='grc' dir='ltr'>ἐπειδέΙ</span> <span class='ocrx_word' id='word_1_179' title='bbox 996 2409 1131 2488; x_wconf 85' lang='grc' dir='ltr'>γέγραπτο</span> <span class='ocrx_word' id='word_1_180' title='bbox 1152 2417 1191 2485; x_wconf 78' lang='grc' dir='ltr'>τῷ</span> <span class='ocrx_word' id='word_1_181' title='bbox 1210 2419 1262 2467; x_wconf 76' lang='grc' dir='ltr'>λυ-</span> 
     </span>
     <span class='ocr_line' id='line_1_19' title="bbox 143 2503 1262 2588; baseline 0.001 -23"><span class='ocrx_word' id='word_1_182' title='bbox 143 2509 186 2579; x_wconf 83' lang='grc' dir='ltr'>σίᾳ</span> <span class='ocrx_word' id='word_1_183' title='bbox 207 2506 261 2564; x_wconf 79' lang='grc' dir='ltr'>δεῖν</span> <span class='ocrx_word' id='word_1_184' title='bbox 280 2507 437 2588; x_wconf 75' lang='grc' dir='ltr'>χαρίζεσθαι</span> <span class='ocrx_word' id='word_1_185' title='bbox 459 2506 497 2579; x_wconf 76' lang='grc' dir='ltr'>μὴ</span> <span class='ocrx_word' id='word_1_186' title='bbox 521 2504 629 2582; x_wconf 73' lang='grc' dir='ltr'>ἐραστῇ,</span> <span class='ocrx_word' id='word_1_187' title='bbox 652 2506 720 2561; x_wconf 76' lang='grc' dir='ltr'>κατά</span> <span class='ocrx_word' id='word_1_188' title='bbox 740 2510 819 2560; x_wconf 75' lang='grc' dir='ltr'>τοῦτο</span> <span class='ocrx_word' id='word_1_189' title='bbox 840 2503 886 2561; x_wconf 72' lang='grc' dir='ltr'>οὖν</span> <span class='ocrx_word' id='word_1_190' title='bbox 914 2505 962 2561; x_wconf 79' lang='grc' dir='ltr'>οόκ</span> <span class='ocrx_word' id='word_1_191' title='bbox 983 2506 1121 2587; x_wconf 86' lang='grc' dir='ltr'>ἐρωτικός·</span> <span class='ocrx_word' id='word_1_192' title='bbox 1146 2511 1212 2565; x_wconf 84' lang='grc' dir='ltr'>καθὸ</span> <span class='ocrx_word' id='word_1_193' title='bbox 1234 2509 1262 2566; x_wconf 80' lang='grc' dir='ltr'>δέ</span> 
     </span>
     <span class='ocr_line' id='line_1_20' title="bbox 143 2601 1262 2685; baseline -0.001 -22"><span class='ocrx_word' id='word_1_194' title='bbox 143 2604 340 2679; x_wconf 67' lang='grc' dir='ltr'>πεπλασμένως</span> <span class='ocrx_word' id='word_1_195' title='bbox 363 2602 498 2683; x_wconf 84' lang='grc' dir='ltr'>γέγραπτο</span> <span class='ocrx_word' id='word_1_196' title='bbox 519 2604 564 2658; x_wconf 80' lang='grc' dir='ltr'>καὶ</span> <span class='ocrx_word' id='word_1_197' title='bbox 584 2603 650 2659; x_wconf 83' lang='grc' dir='ltr'>καθὸ</span> <span class='ocrx_word' id='word_1_198' title='bbox 673 2601 747 2666; x_wconf 87' lang='grc' dir='ltr'>όλως</span> <span class='ocrx_word' id='word_1_199' title='bbox 767 2604 828 2682; x_wconf 83' lang='grc' dir='ltr'>περί</span> <span class='ocrx_word' id='word_1_200' title='bbox 847 2602 982 2682; x_wconf 84' lang='grc' dir='ltr'>ἐρωμένου</span> <span class='ocrx_word' id='word_1_201' title='bbox 1002 2607 1046 2677; x_wconf 74' lang='grc' dir='ltr'>ἦν,</span> <span class='ocrx_word' id='word_1_202' title='bbox 1064 2604 1202 2685; x_wconf 82' lang='grc' dir='ltr'>ἐρωτικός.</span> <span class='ocrx_word' id='word_1_203' title='bbox 1223 2643 1262 2651; x_wconf 89' lang='grc'><strong>-</strong></span> 
     </span>
    </p>

    <p class='ocr_par' dir='ltr' id='par_1_9' title="bbox 80 2699 1262 3076">
     <span class='ocr_line' id='line_1_21' title="bbox 80 2699 1260 2784; baseline 0.001 -24"><span class='ocrx_word' id='word_1_204' title='bbox 80 2717 112 2767; x_wconf 79' lang='lat'>20</span> <span class='ocrx_word' id='word_1_205' title='bbox 144 2704 188 2770; x_wconf 65' lang='lat' dir='ltr'>”H⁴</span> <span class='ocrx_word' id='word_1_206' title='bbox 202 2705 247 2760; x_wconf 72' lang='lat' dir='ltr'>m!</span> <span class='ocrx_word' id='word_1_207' title='bbox 267 2703 298 2760; x_wconf 87' lang='grc' dir='ltr'>τὸ</span> <span class='ocrx_word' id='word_1_208' title='bbox 319 2702 377 2759; x_wconf 75' lang='grc' dir='ltr'>οὐκ</span> <span class='ocrx_word' id='word_1_209' title='bbox 399 2699 463 2757; x_wconf 79' lang='grc' dir='ltr'>οἶδ’</span> <span class='ocrx_word' id='word_1_210' title='bbox 486 2699 587 2772; x_wconf 88' lang='grc' dir='ltr'>όπως,</span> <span class='ocrx_word' id='word_1_211' title='bbox 612 2699 704 2772; x_wconf 76' lang='grc' dir='ltr'>ἐπειδὴ</span> <span class='ocrx_word' id='word_1_212' title='bbox 728 2703 742 2757; x_wconf 89' lang='lat'>6</span> <span class='ocrx_word' id='word_1_213' title='bbox 761 2704 821 2781; x_wconf 82' lang='grc' dir='ltr'>περὶ</span> <span class='ocrx_word' id='word_1_214' title='bbox 839 2703 870 2758; x_wconf 88' lang='grc' dir='ltr'>τὸ</span> <span class='ocrx_word' id='word_1_215' title='bbox 891 2701 1050 2782; x_wconf 82' lang='grc' dir='ltr'>φαινόμενον</span> <span class='ocrx_word' id='word_1_216' title='bbox 1069 2702 1173 2768; x_wconf 90' lang='grc' dir='ltr'>κάλλος</span> <span class='ocrx_word' id='word_1_217' title='bbox 1193 2702 1260 2784; x_wconf 85' lang='grc' dir='ltr'>ἔρως</span> 
     </span>
     <span class='ocr_line' id='line_1_22' title="bbox 144 2794 1262 2881; baseline 0.002 -23"><span class='ocrx_word' id='word_1_218' title='bbox 144 2802 175 2858; x_wconf 85' lang='grc' dir='ltr'>οό</span> <span class='ocrx_word' id='word_1_219' title='bbox 194 2801 292 2881; x_wconf 81' lang='grc' dir='ltr'>κυρίως</span> <span class='ocrx_word' id='word_1_220' title='bbox 311 2801 378 2857; x_wconf 78' lang='grc' dir='ltr'>ἐστίν</span> <span class='ocrx_word' id='word_1_221' title='bbox 397 2794 476 2879; x_wconf 87' lang='grc' dir='ltr'>ἐρως.</span> <span class='ocrx_word' id='word_1_222' title='bbox 493 2801 577 2856; x_wconf 86' lang='grc' dir='ltr'>-Τὸ</span> <span class='ocrx_word' id='word_1_223' title='bbox 599 2799 627 2857; x_wconf 78' lang='grc' dir='ltr'>δέ</span> <span class='ocrx_word' id='word_1_224' title='bbox 645 2799 855 2879; x_wconf 87' lang='grc' dir='ltr'>πειρώμενον</span> <span class='ocrx_word' id='word_1_225' title='bbox 871 2804 1026 2873; x_wconf 80' lang='grc' dir='ltr'>παθητικῶς</span> <span class='ocrx_word' id='word_1_226' title='bbox 1047 2802 1189 2860; x_wconf 86' lang='grc' dir='ltr'>ἀκουστέον</span> <span class='ocrx_word' id='word_1_227' title='bbox 1207 2804 1262 2860; x_wconf 73' lang='grc' dir='ltr'>ἀντὶ</span> 
     </span>
     <span class='ocr_line' id='line_1_23' title="bbox 143 2896 1260 2980; baseline 0 -22"><span class='ocrx_word' id='word_1_228' title='bbox 143 2905 190 2958; x_wconf 77' lang='grc' dir='ltr'>τοῦ</span> <span class='ocrx_word' id='word_1_229' title='bbox 215 2900 407 2980; x_wconf 86' lang='grc' dir='ltr'>πειραζόμενον</span> <span class='ocrx_word' id='word_1_230' title='bbox 426 2898 498 2977; x_wconf 86' lang='grc' dir='ltr'>παρά</span> <span class='ocrx_word' id='word_1_231' title='bbox 523 2920 603 2971; x_wconf 88' lang='grc' dir='ltr'>τινος,</span> <span class='ocrx_word' id='word_1_232' title='bbox 627 2897 745 2955; x_wconf 79' lang='grc' dir='ltr'>τουτέστι</span> <span class='ocrx_word' id='word_1_233' title='bbox 767 2900 997 2978; x_wconf 76' lang='grc' dir='ltr'>προσπαιζόμενον</span> <span class='ocrx_word' id='word_1_234' title='bbox 1017 2902 1062 2957; x_wconf 82' lang='grc' dir='ltr'>καὶ</span> <span class='ocrx_word' id='word_1_235' title='bbox 1087 2896 1260 2980; x_wconf 80' lang='grc' dir='ltr'>προσόαλλό-</span> 
     </span>
     <span class='ocr_line' id='line_1_24' title="bbox 146 2994 1258 3076; baseline 0.001 -20"><span class='ocrx_word' id='word_1_236' title='bbox 146 3020 233 3076; x_wconf 81' lang='grc' dir='ltr'>μενον.</span> <span class='ocrx_word' id='word_1_237' title='bbox 245 2999 329 3053; x_wconf 86' lang='grc' dir='ltr'>-Τὸ</span> <span class='ocrx_word' id='word_1_238' title='bbox 346 2996 375 3054; x_wconf 76' lang='grc' dir='ltr'>δὲ</span> <span class='ocrx_word' id='word_1_239' title='bbox 394 2996 638 3072; x_wconf 83' lang='grc' dir='ltr'>κεκόμψευται,</span> <span class='ocrx_word' id='word_1_240' title='bbox 657 2996 698 3053; x_wconf 84' lang='grc' dir='ltr'>ότι</span> <span class='ocrx_word' id='word_1_241' title='bbox 712 2997 796 3053; x_wconf 79' lang='grc' dir='ltr'>πάντα</span> <span class='ocrx_word' id='word_1_242' title='bbox 812 2999 844 3053; x_wconf 74' lang='grc' dir='ltr'>τά</span> <span class='ocrx_word' id='word_1_243' title='bbox 858 2994 939 3054; x_wconf 81' lang='grc' dir='ltr'>ἐνυλα</span> <span class='ocrx_word' id='word_1_244' title='bbox 956 2999 1050 3073; x_wconf 73' lang='grc' dir='ltr'>κομψὰ</span> <span class='ocrx_word' id='word_1_245' title='bbox 1060 3000 1105 3054; x_wconf 78' lang='grc' dir='ltr'>καί</span> <span class='ocrx_word' id='word_1_246' title='bbox 1120 2999 1258 3070; x_wconf 82' lang='grc' dir='ltr'>ἀπατηλά.</span> 
     </span>
    </p>

    <p class='ocr_par' dir='ltr' id='par_1_10' title="bbox 185 3092 1262 3177">
     <span class='ocr_line' id='line_1_25' title="bbox 185 3092 1262 3177; baseline 0 -23"><span class='ocrx_word' id='word_1_247' title='bbox 185 3095 364 3155; x_wconf 83' lang='grc' dir='ltr'>Ἀνακτέοντὸ</span> <span class='ocrx_word' id='word_1_248' title='bbox 379 3097 498 3175; x_wconf 75' lang='grc' dir='ltr'>περὶτοῦ</span> <span class='ocrx_word' id='word_1_249' title='bbox 519 3093 604 3173; x_wconf 90' lang='grc' dir='ltr'>λόγου</span> <span class='ocrx_word' id='word_1_250' title='bbox 624 3095 663 3158; x_wconf 86' lang='grc' dir='ltr'>είς</span> <span class='ocrx_word' id='word_1_251' title='bbox 683 3095 762 3152; x_wconf 76' lang='grc' dir='ltr'>αὐτὸν</span> <span class='ocrx_word' id='word_1_252' title='bbox 775 3097 834 3176; x_wconf 85' lang='grc' dir='ltr'>περὶ</span> <span class='ocrx_word' id='word_1_253' title='bbox 856 3097 886 3152; x_wconf 78' lang='grc' dir='ltr'>οὗ</span> <span class='ocrx_word' id='word_1_254' title='bbox 908 3098 922 3152; x_wconf 91' lang='lat'>6</span> <span class='ocrx_word' id='word_1_255' title='bbox 946 3097 1029 3175; x_wconf 90' lang='grc' dir='ltr'>λόγος</span> <span class='ocrx_word' id='word_1_256' title='bbox 1047 3098 1092 3154; x_wconf 85' lang='grc' dir='ltr'>τόν</span> <span class='ocrx_word' id='word_1_257' title='bbox 1106 3092 1201 3177; x_wconf 84' lang='grc' dir='ltr'>ἐρωτα,</span> <span class='ocrx_word' id='word_1_258' title='bbox 1217 3100 1262 3154; x_wconf 79' lang='grc' dir='ltr'>καὶ</span> 
     </span>
    </p>

    <p class='ocr_par' dir='ltr' id='par_1_11' title="bbox 80 3192 1261 3470">
     <span class='ocr_line' id='line_1_26' title="bbox 80 3192 1260 3276; baseline -0.002 -22"><span class='ocrx_word' id='word_1_259' title='bbox 80 3204 111 3254; x_wconf 77' lang='grc'>25</span> <span class='ocrx_word' id='word_1_260' title='bbox 143 3203 236 3254; x_wconf 73' lang='grc' dir='ltr'>τοῦτον</span> <span class='ocrx_word' id='word_1_261' title='bbox 256 3196 301 3253; x_wconf 86' lang='grc' dir='ltr'>τὸν</span> <span class='ocrx_word' id='word_1_262' title='bbox 321 3195 428 3270; x_wconf 77' lang='grc' dir='ltr'>ὑψηλόν</span> <span class='ocrx_word' id='word_1_263' title='bbox 447 3195 538 3250; x_wconf 80' lang='grc' dir='ltr'>τεκαὶ</span> <span class='ocrx_word' id='word_1_264' title='bbox 557 3193 708 3272; x_wconf 84' lang='grc' dir='ltr'>ἀναγωγόν,</span> <span class='ocrx_word' id='word_1_265' title='bbox 731 3194 750 3265; x_wconf 75' lang='grc' dir='ltr'><strong>ἢ</strong></span> <span class='ocrx_word' id='word_1_266' title='bbox 771 3196 816 3250; x_wconf 79' lang='grc' dir='ltr'>καί</span> <span class='ocrx_word' id='word_1_267' title='bbox 836 3195 881 3251; x_wconf 85' lang='grc' dir='ltr'>τὸν</span> <span class='ocrx_word' id='word_1_268' title='bbox 900 3192 1001 3274; x_wconf 70' lang='grc' dir='ltr'>ἕτερον’</span> <span class='ocrx_word' id='word_1_269' title='bbox 1024 3194 1140 3276; x_wconf 84' lang='grc' dir='ltr'>ἐμφυτον</span> <span class='ocrx_word' id='word_1_270' title='bbox 1161 3198 1212 3275; x_wconf 78' lang='grc' dir='ltr'>γάρ</span> <span class='ocrx_word' id='word_1_271' title='bbox 1230 3197 1260 3252; x_wconf 86' lang='grc' dir='ltr'>τό</span> 
     </span>
     <span class='ocr_line' id='line_1_27' title="bbox 143 3289 1261 3375; baseline -0.001 -23"><span class='ocrx_word' id='word_1_272' title='bbox 143 3301 263 3352; x_wconf 82' lang='grc' dir='ltr'>τοιοῦτον</span> <span class='ocrx_word' id='word_1_273' title='bbox 275 3294 360 3357; x_wconf 87' lang='grc' dir='ltr'>πάθος</span> <span class='ocrx_word' id='word_1_274' title='bbox 376 3297 452 3374; x_wconf 74' lang='grc' dir='ltr'>ψυχῇ</span> <span class='ocrx_word' id='word_1_275' title='bbox 467 3291 581 3371; x_wconf 80' lang='grc' dir='ltr'>κρυπτάς</span> <span class='ocrx_word' id='word_1_276' title='bbox 593 3293 639 3356; x_wconf 79' lang='grc' dir='ltr'>τὰς</span> <span class='ocrx_word' id='word_1_277' title='bbox 649 3291 735 3355; x_wconf 88' lang='grc' dir='ltr'>αίτίας</span> <span class='ocrx_word' id='word_1_278' title='bbox 746 3289 810 3373; x_wconf 80' lang='grc' dir='ltr'>ἔχον</span> <span class='ocrx_word' id='word_1_279' title='bbox 823 3299 883 3357; x_wconf 82' lang='grc' dir='ltr'>πῶς</span> <span class='ocrx_word' id='word_1_280' title='bbox 897 3291 1046 3373; x_wconf 81' lang='grc' dir='ltr'>ἐφέλκεται,</span> <span class='ocrx_word' id='word_1_281' title='bbox 1059 3300 1118 3358; x_wconf 82' lang='grc' dir='ltr'>πῶς</span> <span class='ocrx_word' id='word_1_282' title='bbox 1134 3293 1261 3375; x_wconf 87' lang='grc' dir='ltr'>διεγείρει</span> 
     </span>
     <span class='ocr_line' id='line_1_28' title="bbox 144 3390 867 3470; baseline -0.007 -19"><span class='ocrx_word' id='word_1_283' title='bbox 144 3395 175 3451; x_wconf 85' lang='grc' dir='ltr'>τό</span> <span class='ocrx_word' id='word_1_284' title='bbox 188 3391 378 3467; x_wconf 85' lang='grc' dir='ltr'>ἐπιθυμητικὸν</span> <span class='ocrx_word' id='word_1_285' title='bbox 392 3390 473 3463; x_wconf 86' lang='grc' dir='ltr'>δηλοῖ</span> <span class='ocrx_word' id='word_1_286' title='bbox 486 3395 565 3447; x_wconf 77' lang='grc' dir='ltr'>τοῦτο</span> <span class='ocrx_word' id='word_1_287' title='bbox 579 3392 624 3446; x_wconf 88' lang='grc' dir='ltr'>καί</span> <span class='ocrx_word' id='word_1_288' title='bbox 635 3390 762 3470; x_wconf 88' lang='grc' dir='ltr'>Πίνδαρος</span> <span class='ocrx_word' id='word_1_289' title='bbox 775 3390 867 3447; x_wconf 84' lang='grc' dir='ltr'>είπών·</span> 
     </span>
    </p>

    <p class='ocr_par' dir='ltr' id='par_1_12' title="bbox 38 3487 1258 3572">
     <span class='ocr_line' id='line_1_29' title="bbox 38 3487 1258 3572; baseline 0.002 -28"><span class='ocrx_word' id='word_1_290' title='bbox 38 3491 125 3544; x_wconf 76' lang='lat' dir='ltr'><strong>f·22r⁰</strong></span> <span class='ocrx_word' id='word_1_291' title='bbox 185 3491 363 3571; x_wconf 85' lang='grc' dir='ltr'>...κρυπταὶ</span> <span class='ocrx_word' id='word_1_292' title='bbox 385 3487 518 3554; x_wconf 70' lang='grc' dir='ltr'>κλαΐδες</span> <span class='ocrx_word' id='word_1_293' title='bbox 543 3489 604 3545; x_wconf 77' lang='grc' dir='ltr'>εἰσὶ</span> <span class='ocrx_word' id='word_1_294' title='bbox 625 3496 724 3569; x_wconf 78' lang='grc' dir='ltr'>σοφᾶς</span> <span class='ocrx_word' id='word_1_295' title='bbox 745 3492 883 3554; x_wconf 78' lang='grc' dir='ltr'>Πειθοῦς</span> <span class='ocrx_word' id='word_1_296' title='bbox 909 3490 915 3569; x_wconf 82' lang='grc' dir='ltr'>Ι</span> <span class='ocrx_word' id='word_1_297' title='bbox 942 3492 1039 3569; x_wconf 81' lang='grc' dir='ltr'>ἰερῶν</span> <span class='ocrx_word' id='word_1_298' title='bbox 1060 3490 1258 3572; x_wconf 75' lang='grc' dir='ltr'>φιλοτήτων,</span> 
     </span>
    </p>

    <p class='ocr_par' dir='ltr' id='par_1_13' title="bbox 185 3584 1053 3666">
     <span class='ocr_line' id='line_1_30' title="bbox 185 3584 1053 3666; baseline -0.001 -21"><span class='ocrx_word' id='word_1_299' title='bbox 185 3591 279 3655; x_wconf 83' lang='grc' dir='ltr'>...καὶ</span> <span class='ocrx_word' id='word_1_300' title='bbox 302 3584 332 3645; x_wconf 85' lang='grc' dir='ltr'>ἔν</span> <span class='ocrx_word' id='word_1_301' title='bbox 350 3601 390 3644; x_wconf 81' lang='grc' dir='ltr'>’τε</span> <span class='ocrx_word' id='word_1_302' title='bbox 412 3584 511 3650; x_wconf 61' lang='grc' dir='ltr'>θεοῖς</span> <span class='ocrx_word' id='word_1_303' title='bbox 535 3592 631 3643; x_wconf 81' lang='grc' dir='ltr'>τοῦτο</span> <span class='ocrx_word' id='word_1_304' title='bbox 656 3586 862 3666; x_wconf 78' lang='grc' dir='ltr'>κάνθρώποις</span> <span class='ocrx_word' id='word_1_305' title='bbox 885 3590 986 3663; x_wconf 81' lang='grc' dir='ltr'>ὁμῶς,</span> <span class='ocrx_word' id='word_1_306' title='bbox 1048 3590 1053 3604; x_wconf 92' lang='grc'><strong>“</strong></span> 
     </span>
    </p>

    <p class='ocr_par' dir='ltr' id='par_1_14' title="bbox 80 3681 1078 3767">
     <span class='ocr_line' id='line_1_31' title="bbox 80 3681 1078 3767; baseline -0.001 -20"><span class='ocrx_word' id='word_1_307' title='bbox 80 3699 111 3747; x_wconf 85' lang='grc'>30</span> <span class='ocrx_word' id='word_1_308' title='bbox 142 3687 185 3746; x_wconf 81' lang='grc' dir='ltr'>διὰ</span> <span class='ocrx_word' id='word_1_309' title='bbox 198 3688 300 3744; x_wconf 73' lang='grc' dir='ltr'>τούτων</span> <span class='ocrx_word' id='word_1_310' title='bbox 314 3688 359 3742; x_wconf 80' lang='grc' dir='ltr'>καὶ</span> <span class='ocrx_word' id='word_1_311' title='bbox 371 3687 417 3742; x_wconf 87' lang='grc' dir='ltr'>τὸν</span> <span class='ocrx_word' id='word_1_312' title='bbox 429 3683 509 3743; x_wconf 62' lang='grc' dir='ltr'>θεῖον</span> <span class='ocrx_word' id='word_1_313' title='bbox 522 3687 566 3741; x_wconf 82' lang='grc' dir='ltr'>καί</span> <span class='ocrx_word' id='word_1_314' title='bbox 579 3686 625 3743; x_wconf 86' lang='grc' dir='ltr'>τόν</span> <span class='ocrx_word' id='word_1_315' title='bbox 637 3686 747 3767; x_wconf 81' lang='grc' dir='ltr'>αἰσχρὸν</span> <span class='ocrx_word' id='word_1_316' title='bbox 759 3681 968 3765; x_wconf 83' lang='grc' dir='ltr'>περιλαμόάνων</span> <span class='ocrx_word' id='word_1_317' title='bbox 983 3685 1078 3766; x_wconf 83' lang='grc' dir='ltr'>ἔρωτα.</span> 
     </span>
    </p>
   </div>
   <div class='ocr_carea' id='block_1_7' title="bbox 143 3873 1261 4083">
    <p class='ocr_par' dir='ltr' id='par_1_15' title="bbox 143 3873 1261 4083">
     <span class='ocr_line' id='line_1_32' title="bbox 174 3873 1261 3943; baseline 0.004 -18"><span class='ocrx_word' id='word_1_318' title='bbox 174 3875 202 3925; x_wconf 92' lang='grc'>11</span> <span class='ocrx_word' id='word_1_319' title='bbox 219 3873 330 3924; x_wconf 77' lang='grc' dir='ltr'>Οοησίσ.</span> <span class='ocrx_word' id='word_1_320' title='bbox 350 3873 395 3924; x_wconf 86' lang='grc'>201</span> <span class='ocrx_word' id='word_1_321' title='bbox 411 3873 435 3923; x_wconf 90' lang='lat' dir='ltr'><strong>D</strong></span> <span class='ocrx_word' id='word_1_322' title='bbox 450 3875 475 3939; x_wconf 82' lang='grc' dir='ltr'>(ἢ</span> <span class='ocrx_word' id='word_1_323' title='bbox 490 3873 521 3938; x_wconf 82' lang='grc' dir='ltr'>δὴ</span> <span class='ocrx_word' id='word_1_324' title='bbox 535 3877 578 3925; x_wconf 84' lang='grc' dir='ltr'>καί</span> <span class='ocrx_word' id='word_1_325' title='bbox 593 3876 637 3939; x_wconf 74' lang='grc' dir='ltr'>ἐμὲ</span> <span class='ocrx_word' id='word_1_326' title='bbox 654 3876 686 3926; x_wconf 74' lang='grc' dir='ltr'>τὰ</span> <span class='ocrx_word' id='word_1_327' title='bbox 704 3876 811 3943; x_wconf 79' lang='grc' dir='ltr'>ἐρωτικά</span> <span class='ocrx_word' id='word_1_328' title='bbox 828 3877 947 3940; x_wconf 79' lang='grc' dir='ltr'>ἐδίδαξεν)</span> <span class='ocrx_word' id='word_1_329' title='bbox 1011 3877 1042 3928; x_wconf 89' lang='grc'>12</span> <span class='ocrx_word' id='word_1_330' title='bbox 1059 3876 1160 3927; x_wconf 78' lang='lat' dir='ltr'><strong><em>Thewl.</em></strong></span> <span class='ocrx_word' id='word_1_331' title='bbox 1179 3878 1261 3929; x_wconf 76' lang='lat'>1500</span> 
     </span>
     <span class='ocr_line' id='line_1_33' title="bbox 205 3945 1259 4014; baseline 0.005 -19"><span class='ocrx_word' id='word_1_332' title='bbox 205 3947 235 3996; x_wconf 87' lang='grc'>13</span> <span class='ocrx_word' id='word_1_333' title='bbox 249 3960 283 3996; x_wconf 88' lang='lat' dir='ltr'>an</span> <span class='ocrx_word' id='word_1_334' title='bbox 297 3947 417 4009; x_wconf 74' lang='lat' dir='ltr'><strong><em>Protay.</em></strong></span> <span class='ocrx_word' id='word_1_335' title='bbox 435 3946 481 3996; x_wconf 81' lang='lat'>336</span> <span class='ocrx_word' id='word_1_336' title='bbox 496 3945 542 3996; x_wconf 81' lang='lat' dir='ltr'>C?</span> <span class='ocrx_word' id='word_1_337' title='bbox 606 3946 637 3997; x_wconf 88' lang='grc'>21</span> <span class='ocrx_word' id='word_1_338' title='bbox 652 3946 806 4014; x_wconf 82' lang='grc' dir='ltr'>πειρώμενον</span> <span class='ocrx_word' id='word_1_339' title='bbox 821 3975 851 3984; x_wconf 87' lang='grc'>-</span> <span class='ocrx_word' id='word_1_340' title='bbox 864 3947 895 3998; x_wconf 85' lang='grc'>23</span> <span class='ocrx_word' id='word_1_341' title='bbox 911 3948 1026 4014; x_wconf 84' lang='grc' dir='ltr'>ἀπστηλά</span> <span class='ocrx_word' id='word_1_342' title='bbox 1042 3971 1070 3992; x_wconf 95' lang='lat'>=</span> <span class='ocrx_word' id='word_1_343' title='bbox 1084 3949 1170 4000; x_wconf 84' lang='lat' dir='ltr'><strong>schol.</strong></span> <span class='ocrx_word' id='word_1_344' title='bbox 1184 3949 1259 4000; x_wconf 75' lang='grc'><strong>2276</strong></span> 
     </span>
     <span class='ocr_line' id='line_1_34' title="bbox 143 4016 918 4083; baseline 0 -15"><span class='ocrx_word' id='word_1_345' title='bbox 143 4020 179 4082; x_wconf 86' lang='lat' dir='ltr'>(p.</span> <span class='ocrx_word' id='word_1_346' title='bbox 194 4016 240 4068; x_wconf 85' lang='grc'>263</span> <span class='ocrx_word' id='word_1_347' title='bbox 256 4017 365 4079; x_wconf 75' lang='lat' dir='ltr'><strong>Herm.)</strong></span> <span class='ocrx_word' id='word_1_348' title='bbox 429 4016 558 4083; x_wconf 67' lang='lat'>27129211.</span> <span class='ocrx_word' id='word_1_349' title='bbox 578 4018 616 4067; x_wconf 82' lang='lat' dir='ltr'>lx</span> <span class='ocrx_word' id='word_1_350' title='bbox 628 4018 703 4068; x_wconf 56' lang='lat'>6669</span> <span class='ocrx_word' id='word_1_351' title='bbox 719 4018 802 4079; x_wconf 64' lang='lat'><strong>(3940</strong></span> <span class='ocrx_word' id='word_1_352' title='bbox 817 4018 918 4083; x_wconf 78' lang='lat' dir='ltr'><strong>Bergk)</strong></span> 
     </span>
    </p>
   </div>
   <div class='ocr_carea' id='block_1_8' title="bbox 141 4131 1314 4709">
    <p class='ocr_par' dir='ltr' id='par_1_16' title="bbox 141 4131 1314 4709">
     <span class='ocr_line' id='line_1_35' title="bbox 176 4131 1260 4200; baseline 0.002 -16"><span class='ocrx_word' id='word_1_353' title='bbox 176 4133 373 4200; x_wconf 75' lang='grc' dir='ltr'>ΝὒθάνάγηΑ</span> <span class='ocrx_word' id='word_1_354' title='bbox 435 4133 578 4185; x_wconf 75' lang='grc' dir='ltr'>τὀνοωΜ</span> <span class='ocrx_word' id='word_1_355' title='bbox 643 4131 925 4199; x_wconf 75' lang='grc' dir='ltr'>θπερὶτάῙτάπερὶΜ</span> <span class='ocrx_word' id='word_1_356' title='bbox 990 4134 1260 4200; x_wconf 48' lang='lat' dir='ltr'>mammam&lt;</span> 
     </span>
     <span class='ocr_line' id='line_1_36' title="bbox 142 4203 1314 4270; baseline 0.003 -17"><span class='ocrx_word' id='word_1_357' title='bbox 142 4204 204 4254; x_wconf 80' lang='lat' dir='ltr'>libri</span> <span class='ocrx_word' id='word_1_358' title='bbox 266 4204 347 4264; x_wconf 79' lang='grc' dir='ltr'>θκαί,</span> <span class='ocrx_word' id='word_1_359' title='bbox 366 4225 382 4256; x_wconf 87' lang='grc' dir='ltr'>κ</span> <span class='ocrx_word' id='word_1_360' title='bbox 401 4203 520 4254; x_wconf 80' lang='lat' dir='ltr'><strong>rubr.A</strong></span> <span class='ocrx_word' id='word_1_361' title='bbox 584 4204 613 4254; x_wconf 93' lang='grc'>11</span> <span class='ocrx_word' id='word_1_362' title='bbox 627 4206 670 4255; x_wconf 84' lang='grc' dir='ltr'>καὶ</span> <span class='ocrx_word' id='word_1_363' title='bbox 685 4216 742 4254; x_wconf 89' lang='lat' dir='ltr'>om.</span> <span class='ocrx_word' id='word_1_364' title='bbox 762 4203 790 4251; x_wconf 90' lang='lat' dir='ltr'>M</span> <span class='ocrx_word' id='word_1_365' title='bbox 856 4205 885 4253; x_wconf 83' lang='grc'>13</span> <span class='ocrx_word' id='word_1_366' title='bbox 902 4206 1025 4268; x_wconf 75' lang='grc' dir='ltr'>ἐκέλευσε]</span> <span class='ocrx_word' id='word_1_367' title='bbox 1041 4205 1173 4270; x_wconf 77' lang='grc' dir='ltr'>ἀναγκάζει</span> <span class='ocrx_word' id='word_1_368' title='bbox 1191 4205 1260 4257; x_wconf 81' lang='lat' dir='ltr'><strong>Plat.</strong></span> <span class='ocrx_word' id='word_1_369' title='bbox 1311 4204 1314 4207; x_wconf 46' lang='lat'>¹</span> 
     </span>
     <span class='ocr_line' id='line_1_37' title="bbox 204 4274 1260 4344; baseline 0.002 -18"><span class='ocrx_word' id='word_1_370' title='bbox 204 4274 234 4326; x_wconf 80' lang='grc'>14</span> <span class='ocrx_word' id='word_1_371' title='bbox 245 4278 342 4339; x_wconf 73' lang='grc' dir='ltr'>δοῦναι]</span> <span class='ocrx_word' id='word_1_372' title='bbox 355 4276 490 4328; x_wconf 80' lang='grc' dir='ltr'>διδόνσιΜ</span> <span class='ocrx_word' id='word_1_373' title='bbox 556 4276 586 4326; x_wconf 87' lang='grc'>16</span> <span class='ocrx_word' id='word_1_374' title='bbox 598 4274 700 4326; x_wconf 79' lang='lat' dir='ltr'>lemma</span> <span class='ocrx_word' id='word_1_375' title='bbox 712 4274 803 4325; x_wconf 80' lang='lat' dir='ltr'>addidi</span> <span class='ocrx_word' id='word_1_376' title='bbox 866 4274 896 4324; x_wconf 86' lang='lat'>17</span> <span class='ocrx_word' id='word_1_377' title='bbox 909 4280 937 4326; x_wconf 87' lang='grc' dir='ltr'>τό</span> <span class='ocrx_word' id='word_1_378' title='bbox 951 4275 1061 4326; x_wconf 76' lang='lat' dir='ltr'><strong>rubr.A</strong></span> <span class='ocrx_word' id='word_1_379' title='bbox 1124 4278 1260 4344; x_wconf 79' lang='grc' dir='ltr'>τδ...έριο-</span> 
     </span>
     <span class='ocr_line' id='line_1_38' title="bbox 141 4345 1209 4414; baseline -0.001 -16"><span class='ocrx_word' id='word_1_380' title='bbox 141 4351 208 4405; x_wconf 84' lang='grc' dir='ltr'>τινός</span> <span class='ocrx_word' id='word_1_381' title='bbox 217 4360 271 4396; x_wconf 86' lang='lat' dir='ltr'>orn.</span> <span class='ocrx_word' id='word_1_382' title='bbox 283 4348 310 4397; x_wconf 89' lang='lat' dir='ltr'>M</span> <span class='ocrx_word' id='word_1_383' title='bbox 376 4346 511 4414; x_wconf 81' lang='grc' dir='ltr'>γέγραπτο]</span> <span class='ocrx_word' id='word_1_384' title='bbox 521 4350 656 4413; x_wconf 77' lang='grc' dir='ltr'>γέγραπται</span> <span class='ocrx_word' id='word_1_385' title='bbox 667 4346 695 4395; x_wconf 90' lang='grc' dir='ltr'><strong>Μ</strong></span> <span class='ocrx_word' id='word_1_386' title='bbox 762 4345 791 4395; x_wconf 90' lang='grc'>19</span> <span class='ocrx_word' id='word_1_387' title='bbox 801 4345 990 4411; x_wconf 76' lang='grc' dir='ltr'>πεπλασμένως]</span> <span class='ocrx_word' id='word_1_388' title='bbox 999 4351 1172 4411; x_wconf 79' lang='grc' dir='ltr'>πεπλασμένος</span> <span class='ocrx_word' id='word_1_389' title='bbox 1181 4348 1209 4397; x_wconf 90' lang='grc' dir='ltr'><em>Μ</em></span> 
     </span>
     <span class='ocr_line' id='line_1_39' title="bbox 142 4415 1260 4486; baseline 0.001 -16"><span class='ocrx_word' id='word_1_390' title='bbox 142 4418 278 4486; x_wconf 78' lang='grc' dir='ltr'>γέγραπτοῙ</span> <span class='ocrx_word' id='word_1_391' title='bbox 288 4422 425 4486; x_wconf 77' lang='grc' dir='ltr'>ἐγέγραπτο</span> <span class='ocrx_word' id='word_1_392' title='bbox 442 4418 469 4467; x_wconf 92' lang='grc' dir='ltr'><strong>Μ</strong></span> <span class='ocrx_word' id='word_1_393' title='bbox 536 4418 608 4468; x_wconf 85' lang='grc' dir='ltr'>19-2θ</span> <span class='ocrx_word' id='word_1_394' title='bbox 621 4421 747 4484; x_wconf 78' lang='grc' dir='ltr'>ἐρωτικός.</span> <span class='ocrx_word' id='word_1_395' title='bbox 757 4415 784 4481; x_wconf 88' lang='grc' dir='ltr'>ἢ]</span> <span class='ocrx_word' id='word_1_396' title='bbox 796 4420 913 4484; x_wconf 80' lang='grc' dir='ltr'>ἐρωτικὸς</span> <span class='ocrx_word' id='word_1_397' title='bbox 922 4418 951 4481; x_wconf 85' lang='grc' dir='ltr'>ἦν</span> <span class='ocrx_word' id='word_1_398' title='bbox 964 4419 992 4467; x_wconf 94' lang='grc' dir='ltr'><strong>Μ</strong></span> <span class='ocrx_word' id='word_1_399' title='bbox 1057 4418 1089 4468; x_wconf 87' lang='grc'>20</span> <span class='ocrx_word' id='word_1_400' title='bbox 1102 4420 1129 4468; x_wconf 78' lang='grc' dir='ltr'>τὸ</span> <span class='ocrx_word' id='word_1_401' title='bbox 1140 4426 1204 4469; x_wconf 75' lang='lat' dir='ltr'><strong>ante</strong></span> <span class='ocrx_word' id='word_1_402' title='bbox 1214 4419 1260 4471; x_wconf 72' lang='grc' dir='ltr'>οὐκ</span> 
     </span>
     <span class='ocr_line' id='line_1_40' title="bbox 142 4486 1261 4557; baseline 0.001 -17"><span class='ocrx_word' id='word_1_403' title='bbox 142 4503 197 4540; x_wconf 86' lang='lat' dir='ltr'>om.</span> <span class='ocrx_word' id='word_1_404' title='bbox 214 4491 241 4541; x_wconf 89' lang='lat' dir='ltr'>M</span> <span class='ocrx_word' id='word_1_405' title='bbox 305 4491 334 4539; x_wconf 81' lang='grc'>21</span> <span class='ocrx_word' id='word_1_406' title='bbox 350 4494 443 4557; x_wconf 87' lang='grc' dir='ltr'>κυρίως</span> <span class='ocrx_word' id='word_1_407' title='bbox 457 4490 552 4553; x_wconf 79' lang='lat' dir='ltr'><strong>scripsi</strong></span> <span class='ocrx_word' id='word_1_408' title='bbox 568 4504 574 4537; x_wconf 77' lang='lat' dir='ltr'>z</span> <span class='ocrx_word' id='word_1_409' title='bbox 592 4486 678 4556; x_wconf 80' lang='grc' dir='ltr'>κύριος</span> <span class='ocrx_word' id='word_1_410' title='bbox 696 4489 759 4539; x_wconf 83' lang='lat' dir='ltr'><strong>libri</strong></span> <span class='ocrx_word' id='word_1_411' title='bbox 822 4488 852 4538; x_wconf 87' lang='grc'>22</span> <span class='ocrx_word' id='word_1_412' title='bbox 871 4489 1095 4555; x_wconf 79' lang='grc' dir='ltr'>προσπαιζόμινον]</span> <span class='ocrx_word' id='word_1_413' title='bbox 1111 4495 1261 4556; x_wconf 77' lang='grc' dir='ltr'>προσπιεζό-</span> 
     </span>
     <span class='ocr_line' id='line_1_41' title="bbox 145 4559 1261 4626; baseline 0.001 -15"><span class='ocrx_word' id='word_1_414' title='bbox 145 4580 217 4626; x_wconf 76' lang='grc' dir='ltr'>μενον</span> <span class='ocrx_word' id='word_1_415' title='bbox 232 4564 290 4612; x_wconf 77' lang='grc' dir='ltr'>λετ</span> <span class='ocrx_word' id='word_1_416' title='bbox 352 4563 384 4612; x_wconf 84' lang='grc'>24</span> <span class='ocrx_word' id='word_1_417' title='bbox 398 4562 647 4622; x_wconf 76' lang='grc' dir='ltr'>ἀνοικτέον,ἁτυὶ)ε.</span> <span class='ocrx_word' id='word_1_418' title='bbox 663 4564 686 4610; x_wconf 89' lang='grc' dir='ltr'>Α</span> <span class='ocrx_word' id='word_1_419' title='bbox 704 4574 709 4610; x_wconf 96' lang='lat'><strong>:</strong></span> <span class='ocrx_word' id='word_1_420' title='bbox 729 4560 757 4609; x_wconf 87' lang='lat' dir='ltr'>iu</span> <span class='ocrx_word' id='word_1_421' title='bbox 777 4559 900 4624; x_wconf 80' lang='lat' dir='ltr'>margine</span> <span class='ocrx_word' id='word_1_422' title='bbox 915 4560 1026 4611; x_wconf 76' lang='lat' dir='ltr'><strong>stellula</strong></span> <span class='ocrx_word' id='word_1_423' title='bbox 1038 4560 1120 4611; x_wconf 82' lang='lat' dir='ltr'>rubra</span> <span class='ocrx_word' id='word_1_424' title='bbox 1182 4561 1213 4610; x_wconf 84' lang='lat'>26</span> <span class='ocrx_word' id='word_1_425' title='bbox 1231 4570 1261 4626; x_wconf 78' lang='grc' dir='ltr'>τῆ</span> 
     </span>
     <span class='ocr_line' id='line_1_42' title="bbox 145 4621 1261 4709; baseline 0 -26"><span class='ocrx_word' id='word_1_426' title='bbox 145 4636 214 4709; x_wconf 69' lang='grc' dir='ltr'>ψυχῇ</span> <span class='ocrx_word' id='word_1_427' title='bbox 225 4633 253 4682; x_wconf 90' lang='grc' dir='ltr'><strong>Μ</strong></span> <span class='ocrx_word' id='word_1_428' title='bbox 319 4632 351 4683; x_wconf 83' lang='grc'>28</span> <span class='ocrx_word' id='word_1_429' title='bbox 361 4636 410 4684; x_wconf 81' lang='grc' dir='ltr'>έντί</span> <span class='ocrx_word' id='word_1_430' title='bbox 420 4639 448 4683; x_wconf 76' lang='lat' dir='ltr'>et</span> <span class='ocrx_word' id='word_1_431' title='bbox 459 4637 526 4701; x_wconf 81' lang='grc' dir='ltr'>ίεράν</span> <span class='ocrx_word' id='word_1_432' title='bbox 536 4631 672 4697; x_wconf 79' lang='grc' dir='ltr'>φιλοτάτων</span> <span class='ocrx_word' id='word_1_433' title='bbox 682 4635 739 4682; x_wconf 76' lang='grc' dir='ltr'>Αετ</span> <span class='ocrx_word' id='word_1_434' title='bbox 748 4644 782 4681; x_wconf 81' lang='lat' dir='ltr'>ex</span> <span class='ocrx_word' id='word_1_435' title='bbox 795 4631 914 4682; x_wconf 83' lang='lat' dir='ltr'>Pindaro</span> <span class='ocrx_word' id='word_1_436' title='bbox 976 4632 1007 4681; x_wconf 88' lang='grc'>29</span> <span class='ocrx_word' id='word_1_437' title='bbox 1019 4634 1039 4682; x_wconf 86' lang='grc' dir='ltr'>δ’</span> <span class='ocrx_word' id='word_1_438' title='bbox 1051 4631 1189 4699; x_wconf 86' lang='grc' dir='ltr'>ἀνθρώποις</span> <span class='ocrx_word' id='word_1_439' title='bbox 1200 4621 1261 4683; x_wconf 84' lang='lat' dir='ltr'>libr&#39;i</span> 
     </span>
    </p>
   </div>
   <div class='ocr_carea' id='block_1_9' title="bbox 0 0 1628 5512">
    <p class='ocr_par' dir='ltr' id='par_1_17' title="bbox 0 0 1628 5512">
     <span class='ocr_line' id='line_1_43' title="bbox 0 0 1628 5512; baseline 0 0"><span class='ocrx_word' id='word_1_440' title='bbox 0 0 1628 5512; x_wconf 95' lang='lat' dir='ltr'> </span> 
     </span>
    </p>
   </div>
  </div>
 </body>
</html>
