3164 5512
336 484 383 535 221
517 480 520 485 ’
712 472 853 527 ΕΡΜΕΙΟΥ
876 477 1073 529 ΦΙΛΟΣΟΦΟΥ

245 630 312 696 [183]
339 622 451 679 ἐνταῦθα
465 622 605 681 ἐκτίθεται·
623 624 654 681 οὐ
672 629 762 696 τοῦτο,
782 626 872 706 ρησίν,
890 622 944 682 έστι
960 626 990 680 τὸ
1007 621 1084 705 ἔργον
1101 633 1150 696 τῆς
1167 624 1314 703 ῥητορικῆς
1335 627 1463 704 ἡψυχα-

337 722 479 799 γωγίσιή
501 720 551 780 διά
570 728 623 779 τῶν
643 720 769 801 λόγων;
791 723 1009 804 ψυχαγωγίαν
1028 720 1057 780 δὲ
1076 721 1153 800 λέγει
1172 723 1203 779 τὸ
1217 720 1303 779 έλκειν
1319 725 1412 802 ψυχὴν
1425 723 1462 787 είς

337 821 445 896 ἑαυτὴν,
461 822 506 877 καὶ
519 821 604 878 πειθὼ
620 820 686 896 αὐτῇ
707 820 844 891 ἐντίκτειν,
861 821 892 878 οό
909 821 992 896 μόνον
1009 822 1076 878 κατά
1095 822 1127 878 τά
1146 821 1294 899 τρίαμέρη
1316 829 1365 891 τῆς
1383 820 1462 897 ῥητο-

337 927 415 997 ρικῆς
431 919 461 975 τό
482 916 615 976 δικανικὸν
633 919 678 975 καὶ
696 920 727 975 τὸ
747 914 977 994 συμθουλευτικδν
996 920 1090 976 καὶτὸ
1108 920 1305 997 πανηγυρικὸν,
1327 916 1461 974 ἀλλὰκαὶ

236 1022 322 1087 μ.184
335 1016 403 1073 κατά
421 1017 451 1072 τό
471 1015 612 1098 δμιλητόν·
632 1016 678 1073 καὶ
698 1022 777 1074 τοῦτο
796 1016 800 1095 Ι
819 1016 870 1096 γάρ
890 1017 1034 1095 ῥητορικῆς
1057 1015 1128 1094 λέγει
1146 1017 1192 1073 καὶ
1213 1013 1308 1079 άπλῶς
1329 1017 1415 1072 εἰπεῖν
1432 1015 1461 1071 τό

338 1113 367 1173 εὖ
383 1113 481 1193 λέγειν,
498 1113 555 1173 είτε
570 1113 636 1188 ίθία,
652 1113 710 1172 είτε
727 1121 817 1192 κοινῇ,ι
833 1115 978 1195 ῥητορικῆς
992 1113 1062 1173 ἰ’διον
1080 1114 1207 1193 βούλεται
1225 1114 1307 1175 εἶναι.
1328 1115 1364 1171 Τό
1383 1113 1412 1170 δὲ
1431 1114 1461 1170 ἑν

338 1209 445 1293 ἰδίοις·
467 1210 484 1282 ἢ
505 1212 533 1269 ἐν
551 1219 609 1275 τοῖς
629 1210 789 1284 <ίδίοις>
809 1210 994 1291 δικαστηρίοις
1016 1211 1091 1290 λέγει
1110 1211 1127 1282 ί,
1143 1210 1172 1268 έν
1191 1217 1249 1276 ταῖς
1270 1210 1351 1276 ίδίαις
1372 1232 1460 1268 συνου·

337 1310 420 1375 σίαις.

379 1461 457 1542 pilis.¹
484 1469 637 1541 Σμικρῶν
658 1484 691 1542 τε
712 1465 766 1520 καὶ
789 1460 961 1544 μεγάλων]
984 1464 1041 1520 261
1066 1462 1102 1520 Β.

276 1619 306 1669 10
379 1608 413 1666 ‘¹0
424 1609 497 1689 λέγει
509 1615 590 1667 τοῦτο
603 1607 671 1666 ἔστιν
685 1609 725 1666 ότι
740 1614 757 1681 ἡ
773 1608 885 1684 μέθοδος
897 1611 941 1666 καὶ
953 1611 1037 1690 τέχνη
1051 1609 1096 1664 καὶ
1110 1609 1144 1664 τά
1158 1609 1332 1686 θεωρήματα
1343 1608 1376 1664 τά
1388 1611 1464 1663 καθο·

339 1707 401 1765 λικὰ
415 1707 520 1783 ὁμοίως
536 1708 579 1765 ἐπὶ
595 1706 722 1786 μεγάλων
740 1711 785 1764 καὶ
801 1714 904 1787 μικρῶν
917 1710 968 1779 Ιτὴν
984 1707 1068 1778 αὐτὴν
1084 1704 1178 1787 έχουσι
1194 1704 1320 1778 δύναμιν·
1339 1705 1404 1783 δίτερ
1420 1707 1462 1761 καὶ

339 1807 367 1864 έν
385 1812 424 1882 τῷ
445 1811 588 1887 Σοφιστῇ
608 1808 682 1865 εἶπεν
704 1808 746 1864 ότι
766 1810 784 1877 η
805 1809 992 1886 θηρευτικὴ
1016 1805 1047 1862 οό
1068 1805 1151 1879 μόνον
1173 1804 1215 1860 ἐπὶ
1237 1812 1462 1882 στρατηγικῆς

339 1903 412 1962 άλλά
432 1906 477 1962 καὶ
495 1907 722 1986 ρθειριστικῆς
742 1904 802 1986 ἔχει
821 1907 872 1975 τὴν
891 1903 961 1961 ίδίαν
978 1904 1066 1985 ἶσχόν·
1085 1902 1177 1982 ὥσπερΙ
1191 1900 1219 1958 δέ
1236 1901 1281 1959 διά
1297 1911 1348 1974 τῆς
1365 1913 1463 1981 θηρευ-

338 2012 416 2076 τικῆς
439 2003 594 2083 3ηριόομεν
615 2005 702 2060 πάντα
723 2005 756 2060 τά
776 2004 931 2083 πράγματα,
953 2003 1042 2065 οὕτως
1065 2003 1109 2058 καὶ
1129 2007 1162 2077 τῇ
1186 1999 1336 2080 διαιρετικῇ
1358 1998 1464 2075 μεθόδῳ

276 2108 307 2161 15
338 2100 424 2158 πάντα
437 2096 684 2180 περιλαμθσίνομεν·
702 2101 732 2158 οὗ
752 2101 859 2175 μᾶλλον
874 2100 920 2157 οὖν
940 2101 983 2157 ἐπὶ
1001 2099 1128 2178 μεγάλων
1147 2099 1329 2178 πραγμάτων,
1347 2101 1406 2155 οἷον
1423 2097 1463 2153 ἐπὶ

340 2198 458 2271 πόλεως,
475 2199 493 2270 ἢ
509 2197 553 2255 ἐπὶ
570 2205 673 2279 μικρῶν
686 2202 736 2270 τὴν
750 2199 833 2269 αὐτὴν
848 2194 906 2278 έχει
920 2198 1042 2273 δύναμιν,
1058 2199 1113 2256 ἀντὶ
1126 2203 1185 2254 τοό·
1202 2201 1220 2269 ἡ
1236 2196 1305 2267 αὐτη
1322 2197 1406 2277 τέχνη
1422 2195 1464 2250 καὶ

342 2295 456 2373 μέθοδος
470 2296 512 2354 ἐπὶ
528 2296 654 2376 μεγάλων
669 2298 713 2354 καὶ
729 2303 833 2378 μικρῶν
847 2297 1011 2376 πραγμάτων
1023 2296 1091 2369 ἐστὶ,
1105 2298 1149 2353 καὶ
1161 2294 1237 2352 οὐδέν
1253 2295 1425 2374 ἐντιμότερον
1435 2293 1463 2349 τό

339 2396 401 2474 περὶ
420 2394 529 2474 μεγάλα
548 2394 630 2466 αὐτὴν
648 2396 838 2473 καταγίνεσθαι
858 2395 875 2466 ἢ
895 2397 956 2474 περὶ
972 2396 1006 2451 τά
1020 2395 1132 2472 σμικρά·
1153 2399 1187 2469 τῇ
1206 2394 1257 2472 γάρ
1273 2393 1342 2468 αὐτῇ
1359 2390 1465 2467 μεθόδῳ

280 2484 283 2490 ’
340 2494 386 2549 καὶ
406 2493 499 2572 ἀγωγῇ
518 2502 630 2575 χρῆται·
651 2493 739 2573 ὥσπερ
755 2494 786 2553 δν
803 2491 878 2550 εἷίτοι
897 2516 937 2557 τις
952 2493 992 2550 ότι
1008 2494 1037 2549 τὸ
1053 2492 1118 2549 σότό
1134 2491 1202 2548 ἐστιν
1216 2491 1312 2563 ἠθικὸν
1329 2491 1348 2561 ἢ
1364 2493 1466 2548 οἰκονο-

279 2602 310 2652 20
343 2590 452 2666 μικὸνδ
468 2588 619 2647 πολιτικόν·
636 2596 669 2667 τῇ
684 2593 734 2670 γάρ
749 2592 816 2669 αὐτῇ
833 2589 940 2666 μεθόδῳ
953 2592 999 2648 καὶ
1013 2590 1091 2648 πόλιν
1105 2593 1150 2647 καὶ
1162 2590 1247 2647 οἰκίαν
1260 2591 1305 2646 καὶ
1321 2591 1415 2646 έαυτόν
1428 2611 1465 2652 τις

343 2686 448 2749 διοικεῖ.

382 2840 458 2922 ρμγ’.
481 2842 521 2899 Oi
546 2845 589 2918 μά
609 2845 663 2900 τόν
687 2844 753 2920 Δία]
778 2845 833 2902 261
859 2844 895 2901 Β.

381 2983 415 3040 Tb
433 2983 483 3061 γάρ
502 2982 627 3053 παλαιὸν,
649 2984 687 3046 ὡς
703 2982 748 3040 καὶ
766 2989 823 3055 νῦν,
843 2985 904 3063 περὶ
921 2985 954 3040 τά
971 2983 1127 3063 δικαστήρια
1141 2983 1185 3040 καὶ
1202 2984 1265 3048 τοίας
1283 2983 1309 3039 έν
1326 2980 1467 3058 δημοσίοις

342 3079 437 3158 λόγους
450 3075 579 3159 διέτριόον
595 3082 621 3138 ol
634 3081 757 3161 ῥήτορες,
772 3082 831 3160 περὶ
843 3080 872 3139 δέ
884 3082 930 3147 τάς
945 3083 1087 3146 συνουσίας
1105 3081 1172 3162 [καὶ]
1186 3082 1234 3145 τάς
1251 3080 1307 3154 ἰδίη
1327 3083 1468 3160 γινομένας

280 3181 311 3231 25
344 3175 484 3254 οὐδαμῶς.

382 3332 455 3413 ρμδ.
482 3332 567 3391 Ἀλλ’
588 3335 605 3404 ἢ
628 3334 683 3398 τάς
706 3323 882 3415 Νέστορος]
905 3335 961 3392 261
988 3334 1024 3391 B.

382 3473 412 3530 Ti
430 3474 478 3549 μέν
495 3473 625 3551 βοόλεται
640 3474 671 3530 τὸ
686 3465 802 3554 Νέστορα
820 3474 866 3531 καὶ
884 3472 1008 3532 Ὀδυσσέα
1026 3477 1071 3531 καῖ
1091 3469 1245 3550 Παλαμήθη
1268 3473 1373 3552 λέγειν;
1396 3476 1468 3533 άπει·

343 3572 418 3639 κάζει
433 3569 461 3628 δέ
474 3573 520 3628 τδν
532 3571 647 3652 Γοργίαν
658 3578 697 3647 τῷ
708 3574 828 3651 Νέστορι,
844 3571 935 3643 ἐπειδὴ
948 3574 993 3630 καί
1006 3571 1065 3645 σίδη
1072 3595 1131 3648 μων
1145 3573 1190 3630 καὶ
1204 3571 1337 3643 πολυετὴς
1350 3574 1466 3651 ἐγένετο·

375 3789 406 3840 ιι
422 3788 505 3854 soph.
520 3788 603 3840 ιντο
667 3789 697 3840 2³
714 3790 749 3840 et.
766 3789 851 3841 schol.
867 3789 912 3839 ιιι
929 3790 951 3839 Β
968 3790 1003 3853 η).
1019 3789 1065 3839 273
1080 3756 1188 3853 herm.)
1204 3791 1260 3849 ἕως
1273 3789 1303 3854 ἦν
1319 3792 1429 3841 καιτοι
1444 3796 1468 3841 ιι

343 3865 394 3921 τοῖς
409 3863 577 3928 δικαστηρίοις
587 3864 717 3926 δημοσίοις
730 3879 756 3912 τε
770 3864 854 3925 λόγοις
864 3861 921 3919 τοὺς
937 3861 1042 3928 ῥήτορας
1055 3865 1196 3929 διατρίθειν,
1210 3861 1240 3913 οὐ
1255 3861 1303 3925 μὴν
1323 3866 1349 3913 έν
1364 3868 1418 3921 ταῖς
1433 3881 1468 3926 γι·

344 3933 628 4066 χρρίχσγςὶδῧουσίαις
652 3933 703 4004 ίδίᾳ
765 3932 840 3982 2728
865 3932 992 3992 ἀπεικάζει
1013 3960 1044 3969 -
1060 3933 1147 3995 225,4
1169 3933 1313 4008 Παλαμήδη
1333 3950 1363 3979 =
1383 3932 1469 3984 schol.

377 4128 425 4181 Nc
441 4130 454 4180 1
472 4131 708 4197 ἐνταῦθα-ἔργον
722 4143 777 4181 om.
794 4131 822 4181 Μ
887 4131 1075 4204 θαὺτῄΑσττ
1097 4130 1173 4195 αὐτὴν
1188 4131 1251 4180 libri
1314 4133 1391 4183 ίκαὶ
1411 4135 1469 4195 posi

345 4201 410 4254 ἀλλδ
428 4213 483 4251 om.
502 4201 533 4250 M
597 4201 772 4265 ὅὸμιλητικόν
793 4202 987 4254 Μίοτι.τσοισ
1051 4203 1108 4254 θεν
1128 4215 1182 4252 om.
1200 4203 1228 4251 M
1292 4202 1405 4262 7ἱδιοις
1424 4202 1468 4252 ad-

345 4272 402 4322 didi
418 4277 479 4336 post
493 4277 544 4331 τοῖς
606 4273 759 4339 θσμικρῶν,
778 4273 884 4324 crubr.
902 4276 926 4322 Α
990 4273 1019 4323 11
1036 4284 1149 4341 σμικρῶν
1166 4273 1193 4322 Μ
1258 4274 1421 4325 13καίοοι.
1440 4275 1466 4323 Μ

407 4343 438 4393 16
455 4342 680 4410 σμικρδνΜίίκιι]
693 4351 849 4395 correxerat
860 4348 927 4407 ΑσΤ)
992 4344 1021 4394 17
1039 4354 1151 4411 σμικρῶν
1164 4343 1227 4394 libri
1290 4346 1318 4396 τδ
1334 4348 1406 4407 Αετς
1426 4348 1469 4396 τοῦ

259 4440 263 4445 ·
346 4415 410 4466 libri
471 4415 502 4466 22
524 4416 554 4467 οὐ
573 4417 647 4465 rubr.
667 4418 691 4464 A
719 4411 721 4416 ’
754 4416 784 4466 23
806 4413 946 4481 δημοσίοις]
966 4418 1080 4483 δημοσίῳ
1100 4416 1130 4464 Μ
1193 4416 1224 4466 21
1242 4418 1285 4466 καὶ
1305 4417 1410 4468 seclusi

347 4485 378 4536 26
394 4488 456 4547 ἀλλ’,
475 4489 491 4537 ἀ
507 4486 582 4536 rubr.
603 4490 627 4536 Α
690 4486 720 4535 27
740 4489 769 4538 τὸ
788 4500 870 4551 supra
891 4500 962 4536 vers.
979 4491 1002 4536 Α
1068 4486 1224 4551 Παλαμήδην
1242 4487 1270 4536 Μ
1338 4491 1406 4554 λέγει
1425 4487 1471 4540 ΑΕ

410 4558 494 4607 verba
510 4560 551 4623 καὶ
569 4559 703 4624 Θεόδωρον
718 4558 791 4623 apud
808 4559 952 4609 Platonem
967 4558 1078 4609 videtur
1093 4571 1147 4609 non
1163 4558 1263 4622 legisse
1280 4558 1411 4610 Hermia

348 4627 379 4679 28
395 4628 422 4680 δὶ
438 4642 492 4679 om.
511 4628 595 4680 schol.
661 4633 754 4693 ἐγίνετο
772 4629 800 4679 Μ
816 4628 902 4679 schol.
