3164 5512
330 456 375 508 244
443 422 447 429 '
707 441 849 498 ΕΡιιΕιοι
870 440 1066 499 οιιιοιιοοοι1

232 605 297 672 [194]
371 597 434 676 σιγ’,
459 600 590 655 Πάντων
611 597 833 681 τελεώτατος]
856 601 915 658 269
937 599 973 658 Ε.
1003 617 1017 628 ⁴

367 739 427 791 Τῶν
446 733 541 807 ἀλλων
560 733 735 814 δημαγωγῶν
756 736 838 814 λέγει.
855 771 894 780 -
913 737 947 793 Τὸ
970 734 998 792 δὲ
1018 744 1118 793 πάσαι
1133 737 1207 793 θ’σαι
1227 737 1374 815 μεγάλαι
1389 743 1449 794 τῶν

327 838 461 913 τεχνῶν·
478 831 570 903 ἐπειδὴ
587 833 687 908 ἥψατο,
704 835 797 914 φησὶν,
815 835 829 889 ὁ
845 832 983 913 Περικλῆς
999 830 1173 914 φιλοσοφίας,
1190 832 1233 890 διὰ
1247 840 1327 892 τοῦτο
1345 835 1448 914 ἐγένετο

327 929 529 1005 ὑψηλόνους,
546 932 663 1007 συνάψας
677 938 714 1010 τῷ
731 928 897 1011 ’Δναξαγόρφ
913 933 944 997 ὃς
961 919 1039 988 παντίΙ
1055 937 1092 1009 τῷ
1111 933 1208 1007 κόσμῳ
1227 938 1290 989 νοῦν
1308 932 1447 1005 ἐπέστησε,

279 1034 294 1082 5
326 1034 381 1084 τῶν
399 1026 494 1086 ἄλλων
514 1030 593 1108 ἀέρας
612 1030 657 1085 καί
675 1031 708 1085 τά
726 1035 836 1086 τοιαῦτα
850 1038 901 1101 τῆς
920 1030 1102 1105 κοσμοποιίας
1118 1029 1191 1087 αἶ’τια
1206 1029 1355 1109 λεγόντων.
1374 1029 1448 1088 'Aio-

327 1125 428 1208 λέσγας
444 1124 472 1184 δὲ
487 1126 597 1184 ἐκάλουν
615 1130 641 1184 oi
654 1124 766 1184 παλαιοί
779 1128 840 1193 τοὺς
855 1129 916 1207 περὶ
930 1129 962 1185 τὰ
979 1128 1102 1207 μετέωρα
1117 1124 1315 1209 διατρίόοντας.
1337 1127 1405 1208 Ὅρα
1422 1128 1448 1186 δὲ

324 1227 373 1297 τήν
386 1225 532 1305 ῥητορικὴν
551 1224 670 1304 μεγάλην
686 1224 766 1282 οὖσαν
781 1227 881 1307 τέχνην
900 1232 957 1290 πῶς
975 1228 1057 1307 μέχρι
1072 1232 1127 1283 τῶν
1145 1233 1218 1284 θεῶν
1239 1228 1345 1305 ἀνάγει·
1366 1228 1447 1306 προσ-

229 1356 231 1362 ·
325 1324 415 1404 φόρως
433 1325 483 1403 γάρ
502 1330 560 1388 τοῖς
581 1326 767 1399 ὑποκειμένοις
787 1325 927 1404 πράγμασι
944 1325 1097 1404 ῥητορεύειν
1114 1324 1213 1405 όφειλει
1227 1317 1242 1382 ό
1258 1326 1362 1406 ῥητωρ,
1380 1327 1447 1382 ὥστε

299 1408 302 1415 ’
325 1422 432 1502 όφείλει
452 1424 497 1480 καὶ
517 1424 547 1479 τὸ
568 1423 668 1495 ἀληθὲς
690 1424 788 1480 είδέναι
806 1425 852 1479 καὶ
869 1430 917 1481 τοῦ
936 1424 1040 1501 κόσμου
1060 1422 1218 1504 ἐπεσκέφθαι
1234 1426 1265 1480 τὸ
1282 1424 1445 1503 μεγαλεῖον·

261 1524 293 1573 10
324 1521 355 1578 οθ
371 1522 422 1601 γάρ
434 1528 521 1578 πᾶσαν
535 1524 585 1593 τήν
598 1530 651 1600 γῆν
666 1521 773 1598 νομίζει
786 1523 816 1578 τὸ
832 1521 909 1579 οὐδὲν
925 1523 1005 1582 εἶναι.
1022 1524 1056 1580 Τὸ
1071 1529 1191 1580 τοιοῦτον
1202 1521 1230 1580 δὲ
1242 1525 1288 1579 καὶ
1303 1523 1330 1580 ἐν
1347 1521 1445 1580 Ἀλκι-

324 1615 422 1696 όιάδη
446 1620 530 1692 εἶπεν,
552 1620 596 1678 ότε
615 1617 709 1699 ἔλεγεν
726 1620 768 1677 ότι
789 1645 802 1676 ιι
820 1624 922 1692 πᾶσαὴ
941 1629 992 1693 της
1005 1619 1133 1687 Ἑλλάδος
1147 1622 1218 1703 ἀρχὴ
1235 1620 1313 1679 οὐδέν
1329 1645 1371 1679 σοι
1384 1620 1445 1703 φαί·

323 1739 396 1775 νεται
411 1717 501 1790 οθδὲὴ
518 1724 574 1775 τῶν
589 1718 615 1775 ἐν
630 1718 745 1797 Εὐρώπῃ
763 1714 905 1799 βαρόάρων
921 1743 935 1774 ν
952 1720 996 1776 καί
1009 1721 1042 1776 τά
1055 1726 1176 1779 τοιαῦτα.
1240 1783 1242 1787 y

362 1871 424 1933 σιδ’.
447 1874 486 1929 Τὸ
509 1874 568 1951 γάρ
591 1871 795 1957 ὑψηλόνουν]
817 1874 875 1932 270
898 1872 935 1932 Α.

360 2018 395 2074 Τὸ
411 2025 587 2100 καταφρονεῖν
603 2024 657 2076 τῶν
675 2019 785 2077 ἐνταῦθα
797 2022 842 2076 καί
856 2022 917 2099 περὶ
932 2019 1061 2099 μεγάλων
1076 2024 1210 2079 ποιεῖσθαι
1223 2020 1287 2087 τοὺς
1305 2021 1402 2099 λόγους
1416 2020 1444 2079 ἐκ
1461 2003 1462 2008 ¹

259 2123 290 2173 15
321 2117 420 2188 ταύτης
434 2126 483 2188 τῆς
497 2116 661 2199 άδολεσγίας
673 2116 801 2198 ἤρτηται.
818 2154 857 2162 -
871 2121 905 2175 Τὸ
918 2118 946 2176 δὲ
961 2125 1016 2175 νοῦ
1031 2121 1133 2176 τεκαὶ
1149 2121 1275 2184 ἀνοίας·
1287 2121 1380 2185 Ιπαίντα
1394 2122 1444 2199 γάρ

320 2215 353 2272 τὰ
364 2212 458 2281 καλῶς
475 2214 731 2296 δεδημιουργημένα
746 2217 797 2274 ὑπὸ
812 2217 858 2274 τδν
870 2223 931 2274 νοῦν
946 2217 1067 2299 ἀνέφερε,
1080 2220 1113 2275 τὰ
1127 2217 1155 2275 δὲ
1168 2219 1206 2283 ὡς
1223 2216 1319 2282 άλλως
1333 2220 1384 2275 ὑπὸ
1397 2221 1445 2289 την

306 2346 307 2349 ·
322 2315 403 2389 ὕλην,
419 2314 464 2371 ’ίνα
479 2313 571 2372 ἄνοιαν
585 2314 650 2394 λέγη
665 2317 716 2387 τὴν
732 2314 803 2394 όλην
817 2317 862 2373 καὶ
876 2316 906 2373 τὸ
918 2318 1183 2395 κατηναγκασμένον·
1199 2313 1309 2392 μᾶλλον
1323 2315 1351 2373 δὲ
1364 2322 1443 2373 τοῦτο

322 2411 397 2491 λέγει
416 2412 460 2470 ἐπί
477 2416 529 2485 την
547 2411 655 2493 ἔρευναν
672 2420 726 2471 τῶν
745 2404 849 2497 νοητῶν
867 2414 912 2471 καὶ
932 2414 1031 2472 ὑλικῶν
1048 2415 1212 2495 πραγμάτων
1226 2415 1440 2496 ἀφικόμενος.

360 2570 421 2628 σιἐ’.
445 2563 473 2625 ‘0
496 2568 593 2633 αὐτός
614 2571 686 2646 που]
710 2570 768 2628 270
790 2570 827 2627 Β.

256 2706 288 2765 20
358 2698 535 2781 Παραάάλλει
553 2704 602 2773 τὴν
623 2702 766 2782 ῥητορικὴν
784 2706 817 2777 τῇ
837 2702 953 2781 ίατρικῇ,
969 2701 1015 2757 καί
1031 2684 1112 2782 φησιν
1129 2701 1171 2758 ὅτι
1186 2705 1203 2774 ἢ
1221 2703 1269 2777 μἐν
1282 2703 1346 2782 περὶ
1364 2710 1443 2778 σιὐμα

197 2798 199 2801 ’
283 2853 285 2857 ,
318 2796 387 2880 ἔχει,
410 2798 475 2871 ἣδε
492 2801 553 2879 περὶ
573 2801 675 2880 ψυχὴν,
696 2799 847 2879 καθώσπερ
867 2797 955 2879 ίατρδς
977 2795 1083 2878 ὀφείλει
1102 2798 1260 2880 ἐπεσκέφθαι
1278 2800 1442 2875 τὰσώματα

318 2897 370 2954 άπὸ
393 2903 448 2954 τών
470 2897 543 2954 θ’λων
565 2896 720 2982 στοιχείων,
743 2898 856 2976 πότερον
877 2895 978 2953 ἁπλοῦν
997 2896 1028 2952 τό
1050 2901 1131 2971 σώμα
1152 2896 1170 2968 ἢ
1195 2897 1329 2969 σύνθετον,
1350 2900 1395 2954 καὶ
1414 2898 1443 2954 ἐκ

317 2994 397 3052 τίνων
418 2990 464 3051 καὶ
485 2997 577 3052 πόσων
597 2996 634 3076 ψέν
653 3002 690 3074 τῷ
709 2996 835 3071 Τιμαίῳ
855 2994 884 3052 δὲ
903 3017 982 3076 φησιν
1002 2997 1017 3051 ὁ
1034 2993 1183 3076 φιλόσοφος
1204 2994 1246 3051 θ’τι
1264 2998 1291 3053 οῖ
1309 2996 1364 3053 νέοι
1380 2997 1441 3054 θεοὶ

256 3121 257 3125 ’
317 3089 504 3167 δανεισάμενοι
523 3093 553 3149 ἐκ
571 3099 617 3150 τοῦ
637 3094 737 3158 παντὸς
758 3094 905 3164 συνέθηκαν
922 3096 1004 3165 ἡμῶν
1019 3093 1051 3148 τόι
1068 3093 1149 3171 μόρια
1164 3092 1193 3148 έκ
1208 3099 1256 3149 τοῦ
1271 3093 1339 3150 ὅλου
1358 3095 1440 3173 πυρὸς

254 3204 285 3254 25
317 3191 362 3247 mi
384 3192 463 3271 ἀέρος
481 3192 527 3248 καὶ
547 3197 599 3247 τῶν
620 3191 715 3249 ἀλλων
733 3186 860 3255 λαθόντες
882 3191 975 3270 μέρος·
998 3191 1066 3248 ὥστε
1088 3192 1102 3246 ὀ
1122 3189 1216 3270 άριστα
1237 3191 1440 3267 ἐπεσκεμμένος

316 3295 397 3364 σῶμα
417 3288 460 3346 ἐπί
481 3290 514 3346 τά
533 3289 586 3347 δ’λα
602 3290 648 3346 καὶ
666 3291 712 3354 τὰς
731 3289 817 3369 ἀρχὰς
838 3289 945 3370 ὀφείλει
963 3288 1131 3370 ἀνατρέχειν·
1150 3291 1177 3345 αῖ
1192 3289 1242 3369 γάρ
1257 3290 1373 3368 γνώσεις
1389 3291 1441 3346 ἀπὸ

315 3394 369 3445 τῶν
386 3389 481 3469 ἀρχῶν
497 3387 640 3467 γίνονταιψ,
660 3389 731 3444 οὕτω
745 3390 791 3444 καί
805 3387 848 3444 ἐπὶ
864 3391 954 3467 ψυχῆς
969 3385 1012 3445 δεῖ
1027 3395 1148 3459 σκοπεῖν,
1164 3390 1336 3467 πρῶτονμὲν
1352 3390 1376 3445 εί
1392 3411 1440 3463 μο-

316 3485 422 3558 νοειδής
443 3487 513 3544 ἐστιν
532 3487 549 3558 ί]
569 3487 707 3566 τριμερὴς,
728 3488 772 3542 καί
793 3487 816 3543 εί
835 3487 966 3564 τριμερὴς
987 3483 1122 3543 διελέσθαι
1135 3487 1167 3541 τά
1184 3486 1253 3565 μέρη
1269 3496 1319 3559 τῆς
1334 3491 1439 3568 ψυχῆς,

314 3587 359 3641 καὶ
374 3585 460 3649 οὕτως
474 3583 507 3640 τά
523 3586 590 3664 μέρη
606 3589 660 3640 τῶν
674 3581 764 3663 λόγων
780 3583 905 3641 διελόντα
918 3583 1133 3664 προσαρμονίσαι
1147 3585 1216 3662 [καί]
1231 3591 1289 3650 τοῖς
1304 3587 1438 3649 ἑκάστοις·

251 3689 282 3738 θθ
315 3682 410 3741 είδέναι
429 3685 480 3762 γάρ
498 3681 539 3740 δεῖ
559 3684 603 3739 καί
622 3685 655 3739 τὰ
672 3681 807 3757 ίδιώματα
825 3688 879 3739 τών
896 3686 1004 3762 ψυχῶν·
1023 3680 1097 3739 ἀλλα
1111 3683 1163 3762 γάρ
1179 3680 1314 3759 ἰδιώματα
1329 3688 1439 3764 Θρακῶν
1524 3673 1527 3676 .

288 3825 291 3832 .
314 3779 385 3862 [καὶ]
401 3779 475 3839 ἄλλα
493 3780 639 3853 Λακώνων,
658 3778 732 3838 άλλα
747 3780 907 3853 Ἀθηναίων·
923 3780 969 3837 καὶ
990 3778 1032 3837 δεῖ
1049 3781 1117 3861 πρὸς
1133 3781 1260 3847 ἑκάστους
1273 3782 1440 3863 ἁρμόζεσθαι

315 3881 360 3937 καί
375 3879 439 3945 τοὺς
453 3877 560 3958 λόγους.

344 4036 375 4084 10
390 4032 482 4084 Aleti),
500 4034 572 4084 1105
587 4035 637 4084 ΑΒ
700 4034 730 4084 23
749 4033 818 4085 Tim.
834 4036 865 4085 42
881 4035 902 4084 Ε

343 4141 404 4193 ΤΙΤ
420 4143 450 4193 23
467 4143 499 4194 τά
513 4148 538 4194 ίν
551 4152 586 4211 τῷ
602 4144 702 4211 Τιμαίῳ
718 4144 744 4194 C'
892 4114 893 4117 =

343 4252 390 4303 NC
403 4254 416 4302 l
434 4252 542 4316 πάντων,
555 4272 573 4304 π
585 4253 659 4303 rubr.
672 4256 694 4302 A
755 4255 770 4304 2
784 4256 811 4305 τ“ο
823 4255 850 4306 δὲ
861 4268 916 4304 om.
929 4254 956 4303 M
1016 4255 1059 4306 5-6
1075 4255 1225 4324 ἀδολεσχίας
1236 4260 1264 4309 Μ
1278 4260 1352 4310 unde
1362 4263 1436 4312 AST:

310 4323 430 4374 «deesse
443 4323 551 4374 videtur
564 4327 730 4391 ἀδολέσχοις»
795 4327 825 4376 10
842 4323 916 4391 εἶναι]
932 4328 1021 4377 εἰδέναι
1037 4328 1064 4376 Μ
1131 4330 1158 4380 δὲ
1172 4343 1226 4379 om.
1244 4331 1272 4380 M
1339 4332 1367 4383 11
1385 4333 1436 4398 ὅτε]

310 4396 347 4445 ὅτι
369 4397 395 4445 Μ
462 4396 533 4447 12ὲν
555 4410 610 4445 om.
634 4397 661 4445 M
733 4396 763 4446 13
779 4397 984 4459 τὀ,τ1“ιιί)Γ.Α
1053 4399 1084 4449 18
1099 4402 1142 4450 καί
1158 4410 1207 4452 τῶν
1229 4403 1322 4454 Ιόλικοῖν
1344 4405 1373 4453 M

311 4466 341 4516 19
359 4468 459 4526 θαύτός
474 4487 522 4519 που
538 4468 611 4517 rubr.
626 4470 650 4516 Α
714 4469 744 4518 21
762 4473 776 4529 θ
792 4469 875 4535 ίατρδς
890 4468 919 4516 Μ
983 4467 1014 4518 22
1031 4469 1106 4534 ὅλων]
1122 4472 1204 4522 ἄλλων
1221 4473 1248 4522 Μ
1314 4475 1345 4524 25
1363 4477 1437 4542 ἀέρος

310 4541 369 4588 Aer
384 4552 418 4589 ex
430 4539 500 4590 plat.
515 4554 521 4588 ι
540 4543 629 4605 μέρους
643 4538 705 4590 libri
769 4540 861 4604 ἄλλων]
877 4539 942 4590 θ’λων
956 4540 986 4588 Μ
1049 4541 1081 4591 29
1097 4547 1299 4610 προσαρμονίσαι
1315 4546 1414 4611 scripsi
1429 4562 1436 4598 :

310 4610 371 4676 πρὸς
387 4613 517 4677 ἁρμονίαις
530 4611 592 4661 libri
655 4613 697 4661 καί
712 4611 813 4661 seclusi
877 4610 905 4660 31
923 4613 966 4661 καί
981 4611 1083 4662 seolusi
