3150 5504
400 486 454 537 ΕΙΣ
475 486 537 537 ΤΟΝ
561 486 737 546 ΠΛΑΤΩΝΟΣ
759 489 902 540 ΦΑΙΔΡΟΝ
922 489 1044 542 ΣΧΟΛΙΑ
1253 503 1283 552 43

76 642 127 710 [801
161 637 250 709 καλῆς
266 638 284 708 ἢ
300 636 531 718 Ἀνακρέοντος
547 645 605 696 τοῦ
620 646 733 720 σοφοῦ,
752 665 766 696 ν
783 641 862 705 Ἴσως
879 639 908 698 δὲ
921 643 1010 714 καλὴν
1025 645 1075 714 τὴν
1089 644 1192 724 Σαπφὼ
1208 645 1283 701 εἶπεν

162 736 200 799 ὡς
217 736 336 809 μάλιστα
350 737 410 815 περί
427 735 584 817 ’Λφροάίτης
602 737 726 816 ἐγκώμια
746 740 791 795 καὶ
813 739 913 814 ὕμνους
933 738 1121 820 ἀιατρίψασαν·
1140 740 1282 822 Ἀφροδίτη

51 838 144 890 r·29r·
161 832 189 890 δὲ
210 834 281 891 ἐστιν
303 838 320 906 ἡ
343 831 438 916 ἔφορος
460 833 529 899 θεὸς
549 840 598 892 τοῦ
617 834 737 900 κάλλους
757 837 761 916 Ι
779 839 824 893 καί
845 837 1036 913 ἐπιλάμπουσαι
1054 846 1119 896 πᾶσι
1134 841 1165 896 τὸ
1184 839 1280 901 καλόν.

160 929 311 1011 Ἀνακρέων
329 929 358 988 δὲ
377 932 458 1012 σοφὸς
477 933 515 995 ὡς
535 933 682 1014 φιλόσοφος
700 935 745 990 καί
766 934 934 1010 ἐπιστήμων·
954 936 1051 1001 πάντες
1074 935 1102 993 δὲ
1116 937 1203 994 πάντα
1218 939 1282 1009 είσὶ,

113 1036 128 1084 5
145 1019 319 1108 ’προλάμπει
339 1029 367 1086 δὲ
385 1032 455 1087 κατὰ
475 1028 547 1090 τόδε.
573 1031 675 1095 Πάντες
696 1033 771 1088 οὗτοι
791 1035 817 1089 οί
837 1031 949 1105 ποιηταί
972 1035 1018 1090 τὸν
1037 1035 1162 1115 σώφρονα
1182 1035 1283 1092 ἐνεκω-

164 1128 262 1200 μίασαν
278 1124 376 1206 ἔρωτα.

202 1308 260 1383 μα’.
290 1308 418 1389 Πλῆρίς
439 1331 506 1374 πως
530 1309 552 1365 ὦ
577 1308 733 1386 δαιμόνιε
757 1312 793 1367 τὸ
814 1315 1029 1389 <στῆθος>]
1055 1314 1113 1372 235
1138 1313 1174 1376 C.

201 1478 260 1560 'Ap'
276 1481 365 1538 οὐκέτι
385 1479 412 1536 ἐν
428 1487 468 1556 τῷ
487 1480 630 1560 ἐγκεφάλῳ
650 1481 681 1536 τὸ
696 1487 826 1561 φρονοῦν;
844 1482 881 1539 Ἢ
896 1484 910 1539 ὃ
926 1484 1083 1556 αίνίττεται,
1100 1489 1180 1542 τοῦτο
1199 1483 1281 1542 ἔστιν·

161 1577 252 1649 ἐπειδὴ
271 1580 286 1635 ό
307 1579 454 1659 Σωκράτης
481 1579 539 1659 εἶχε
563 1579 608 1634 καὶ
631 1577 713 1658 ἀκρας
736 1578 950 1646 ἐνθουσιαστικάς
974 1581 1109 1662 ἐνεργείας
1133 1584 1177 1639 καί
1200 1583 1283 1657 μέσας

97 1675 128 1726 10
159 1679 204 1734 καί
225 1677 393 1749 τελευταίας,
416 1678 462 1741 τάς
485 1677 534 1752 μὲν
554 1675 714 1740 τελευταίας
736 1675 779 1733 διά
798 1684 847 1734 τοῦ
865 1677 948 1743 ποδὸς
968 1677 1061 1751 δηλοῖ·
1085 1705 1099 1735 (ι
1121 1681 1162 1745 ὥς
1182 1702 1218 1759 γε
1240 1687 1283 1756 τῷ

159 1774 235 1831 ποθὶ
255 1777 498 1852 τεκμήρασθαι·
515 1799 530 1829 ν
551 1775 599 1837 τάς
616 1772 644 1830 δὲ
660 1773 743 1849 μέσας
763 1777 807 1831 καί
826 1778 942 1858 ψυχικάς
962 1775 1006 1834 θιά
1025 1784 1072 1835 του
1092 1781 1219 1850 στήθους·
1236 1779 1284 1844 τάς

66 1886 93 1936 P·
106 1870 137 1922 81
160 1872 292 1953 δὲνοεράς
302 1875 346 1929 καί
360 1870 439 1938 θείας
454 1872 497 1930 θιά
515 1874 520 1953 Ι
538 1881 588 1944 τῆς
603 1872 739 1954 κεφαλῆς·
759 1900 772 1929 ιι
791 1877 873 1949 μετά
893 1881 949 1932 σοῦ
966 1874 1069 1941 θείας
1087 1877 1281 1958 κεφαλῆς»

160 1973 225 2053 φησί
244 1972 290 2027 καί
310 1963 385 2042 ίξῆς·
410 1973 607 2051 «ὑπερῆρεν
631 1971 679 2035 είς
703 1973 758 2028 τὸν
779 1967 839 2037 ἐ’ξω
861 1973 961 2030 τόπον
983 1977 1043 2046 τὴν
1063 1979 1120 2030 τοῦ
1141 1975 1284 2056 ἡνιόχου

159 2067 321 2149 κεφαλήν.
340 2092 354 2123 ν
380 2068 451 2127 Ἐπεί
472 2069 519 2126 οὖν
540 2076 587 2127 νῦν
610 2068 741 2147 βούλεται
766 2069 909 2149 ἐνεργῆσαι
932 2074 946 2128 ό
973 2073 1121 2152 Σωκράτης
1145 2074 1214 2130 κατὰ
1237 2074 1284 2129 τὸν

97 2159 127 2207 ¹⁵
159 2168 275 2249 ψυχικὸν
296 2165 385 2246 ἔρωτα
403 2169 450 2224 τὸν
471 2168 597 2249 σώφρονα
617 2168 663 2224 καὶ
687 2167 771 2240 αὐτῆς
793 2177 842 2239 τῆς
863 2173 962 2250 ψυχῆς,
987 2168 1030 2227 διά
1051 2175 1131 2227 τοῦτο
1157 2169 1284 2252 πλῆρες

159 2264 242 2346 ἔφατο
269 2263 343 2346 ἔχειν
371 2268 402 2323 τὸ
432 2270 552 2338 στῆθος
579 2271 635 2323 τῶν
664 2266 794 2322 τοιούτων
820 2265 923 2345 λόγων,
948 2270 979 2325 τὸ
1005 2268 1087 2344 μέσον
1111 2274 1159 2327 τοῦ
1184 2268 1284 2349 ἔρωτος

162 2363 220 2444 [τοῦ
240 2365 388 2445 σώφρονος]
409 2363 452 2421 διὰ
471 2371 519 2422 τοῦ
540 2366 622 2440 μέσου
642 2363 741 2442 μέρους
759 2369 807 2421 τοῦ
827 2365 954 2441 σώματος
970 2368 1109 2448 παριατάς.
1126 2368 1180 2425 Οὐκ
1195 2367 1284 2426 οίεται

160 2461 188 2520 δὲ
208 2461 269 2519 οὐδὲ
286 2464 333 2519 τὸν
353 2461 530 2542 Ἀνακρέοντα
547 2464 593 2520 καί
614 2463 717 2542 Σαπφὼ
736 2463 783 2519 τὸν
803 2461 884 2545 ἀκρον
903 2465 949 2521 καί
969 2465 1112 2544 ἀναγωγὸν
1131 2467 1176 2523 καὶ
1192 2465 1283 2522 ἐνθου-

160 2560 296 2617 σιαστικὸν
310 2556 397 2639 ἔρωτα
414 2559 596 2632 ἐπιτηδεῦσαι,
614 2557 677 2618 ἀλλ’
688 2558 748 2616 οὐδὲ
763 2561 809 2616 τὸν
827 2560 1043 2619 ἀποπεπτωκότα
1054 2563 1100 2619 τὸν
1117 2563 1281 2639 ἀκόλαστον,

96 2658 128 2708 20
159 2660 219 2738 περὶ
240 2655 269 2714 δὲ
290 2659 335 2715 τόν
358 2660 439 2734 μέσον
462 2656 653 2715 ἐσπουδακέναι
672 2659 720 2713 τὸν
742 2659 908 2737 σωφρονικὸν
928 2659 974 2715 καὶ
994 2660 1109 2734 κόσμιον
1132 2661 1177 2716 καί
1200 2661 1283 2733 αὐτὴν

159 2764 246 2813 πᾶσαν
263 2760 313 2828 τῆν
329 2761 420 2837 ψυχὴν
434 2759 479 2814 καί
492 2759 580 2814 πάντα
595 2757 641 2814 τὸν
657 2755 798 2836 ἄνθρωπον
813 2762 1048 2837 κατακοσμοῦντα.
1071 2759 1117 2818 Διὸ
1136 2762 1180 2816 καί
1202 2759 1282 2824 αὐτὸς

159 2856 174 2911 ὁ
190 2855 337 2934 Σωκράτης
351 2853 449 2921 ἔξωθεν
466 2848 631 2920 εἰσδέξασθαι
650 2854 717 2910 αιἰτά
732 2877 797 2934 φησι
816 2858 861 2911 καί
880 2856 929 2912 οὐκ
947 2857 1001 2913 ἀπὸ
1020 2863 1070 2928 τῆς
1089 2856 1170 2938 ἀκρας
1189 2858 1283 2915 ἑαυτοῦ

160 2951 252 3015 οὐσίας
270 2951 338 3009 αότά
356 2949 534 3032 προόάλλειν·
555 2956 573 3023 ὴ
594 2953 645 3031 γάρ
663 2951 750 3009 οἶκεία
770 2952 852 3010 αὐτοῦ
870 2953 990 3034 ἐνέργεια
1008 2958 1026 3024 ἡ
1046 2953 1138 3018 ἐ’νθους
1157 2957 1201 3012 καί
1218 2956 1283 3012 ἀνα-

160 3051 250 3129 γωγός
268 3050 333 3109 ἐστι.
350 3085 390 3096 -
408 3052 458 3108 Καὶ
478 3055 495 3122 ῆ
517 3051 643 3125 ἀμαθία
665 3048 694 3107 δὲ
712 3049 795 3107 πάλιν
814 3050 899 3115 οίίτως
918 3050 1029 3131 είρηται
1043 3053 1081 3117 ὡς
1096 3057 1114 3124 ῆ
1131 3051 1282 3126 σθόὲνειαῆ

95 3150 127 3201 25
159 3147 290 3227 κρείττων
310 3151 466 3223 μαθήσεως,
488 3151 531 3205 καί
550 3152 567 3220 ἡ
588 3148 710 3205 νιόθεια
728 3150 857 3228 κρείττων
874 3150 975 3221 ταύτης
995 3157 1045 3221 τῆς
1065 3150 1197 3222 αἰσθητῆς
1210 3150 1282 3229 γνώ-

158 3269 237 3318 σεως,
253 3248 342 3303 καὶτὸ
362 3246 583 3319 ἐπιλελῆσθαι
602 3248 632 3303 τὸ
650 3247 688 3322 μή
705 3244 777 3327 ἔχειν
790 3248 890 3327 χρόνον
905 3244 992 3306 εἰπεῖν
1007 3247 1052 3329 ἀφ’
1068 3250 1099 3305 οὗ
1118 3250 1169 3319 τὴν
1184 3254 1284 3327 γνῶσιν

131 3377 132 3380 ¹
157 3345 260 3402 τούτων
282 3340 448 3439 εἰλήφαμεν.
474 3346 567 3402 -Τὸ
591 3343 619 3401 δὲ
642 3345 881 3423 πεπληρῶσθαι
902 3344 1000 3419 δίκην
1025 3347 1163 3425 ἀγγείου
1186 3347 1227 3403 ότι
1247 3348 1285 3411 ὡς

158 3441 267 3521 εἷ’ρηται
289 3445 327 3506 ὡς
344 3445 411 3523 πρὸς
427 3443 478 3513 τὴν
499 3444 642 3521 ἀναγωγὸν
658 3444 704 3499 καί
725 3442 942 3516 ἐνθουσιαστικὴν
958 3444 1039 3500 αὐτοῦ
1059 3443 1204 3523 ἐνέργειαν,
1222 3445 1283 3515 ἥτις

159 3541 186 3598 ἐν
201 3547 241 3614 τῷ
256 3539 330 3619 ἄκρῳ
344 3549 394 3613 τῆς
408 3545 501 3623 ψυχῆς
517 3541 599 3597 αὐτοῦ
613 3540 757 3619 ἐγγίνεται,
775 3544 832 3597 οἷον
847 3541 980 3612 ἐπίκτητα
993 3543 1039 3598 καὶ
1053 3540 1187 3622 ἀλλότρια
1203 3542 1284 3599 αὐτοῦ

97 3637 128 3687 30
161 3637 234 3696 δοκεῖ
250 3638 319 3696 εἶναι
334 3639 351 3694 ά
367 3637 464 3714 μέλλει
480 3637 572 3717 λέγειν
585 3638 702 3695 ἐπαινῶν
713 3641 762 3695 τὸν
777 3639 902 3719 σώφρονα
917 3637 1015 3719 ἔρωτα.

190 3915 222 3965 10
236 3914 319 3966 2308
386 3914 415 3965 12
431 3912 517 3963 2341)
583 3911 613 3961 13
630 3909 713 3960 218Α
777 3908 807 3958 24
822 3910 917 3975 εἴρηται
931 3908 969 3958 ot.
983 3908 1024 3967 41,
1041 3908 1073 3958 22

191 4074 583 4141 Νο2ῧμνουςκαίὲγκώμιαΜ
648 4072 717 4123 θκαί
732 4072 779 4121 vix
792 4071 932 4135 legiturin
944 4072 981 4120 A·
1043 4071 1157 4131 4πάντες
1168 4072 1194 4124 δὲ
1205 4071 1284 4123 πάντα

161 4147 217 4212 εἰσί]
228 4148 308 4199 πάντα
323 4148 349 4199 δὲ
362 4147 443 4198 πάντα
455 4148 502 4197 είσὶ
519 4145 547 4194 Μ
560 4159 566 4194 :
583 4144 664 4196 πάντα
681 4144 707 4194 δὲ
719 4142 799 4218 πάντη
814 4144 864 4193 ἐστί
880 4144 957 4192 Aer:
974 4143 1035 4193 [ort.
1048 4143 1123 4203 <ό>
1138 4142 1226 4202 πάντες
1237 4142 1283 4210 [δὲ]

159 4223 260 4282 ποιηταί
275 4222 323 4270 είσι
381 4219 599 4283 5ἑνεγκωμίασαν
617 4217 643 4265 M
699 4214 993 4280 7πλῆρες,πτιιίιι“.Α
1045 4217 1136 4281 πλῆρες
1148 4218 1236 4272 πώςΑ

161 4292 190 4341 10
211 4292 252 4342 διὰ
272 4294 346 4341 τοῦτο
366 4292 408 4347 δὀς
429 4289 450 4338 Ε
514 4293 548 4346 ὡς
562 4288 644 4338 etiam
660 4290 868 4337 Αιιιετααττιιε
886 4285 937 4347 (13
953 4300 979 4351 p.
999 4286 1029 4336 14
1045 4285 1179 4346 Boisson.)
1197 4300 1202 4333 :
1219 4284 1283 4338 ὥστε

162 4362 228 4412 plat.
249 4361 329 4412 codd.
394 4363 423 4411 11
445 4357 625 4424 τεκμήρασθαι]
645 4360 820 4425 τεκμαίρεσθαι
835 4369 851 4405 a
914 4357 945 4406 12
962 4357 1035 4423 οεράς
1052 4359 1098 4406 A:
1118 4377 1131 4407 ν
1146 4356 1251 4408 addidit
1268 4372 1284 4408 a

224 4435 324 4496 μετά-
333 4436 441 4498 κεφαλῆς
456 4445 510 4480 om.
526 4430 555 4479 M
619 4429 648 4479 17
660 4433 703 4481 τοῦ
715 4429 844 4494 σώφρονος
854 4427 953 4477 seclusi
1018 4426 1149 4495 παριστάς]
1160 4435 1283 4495 παριστάν

163 4504 189 4552 Μ
205 4502 272 4565 (iarn
286 4510 441 4553 correxerat
454 4503 522 4562 Αατ)
586 4499 617 4549 20
632 4501 674 4550 τὸν
695 4504 758 4550 ante
779 4499 854 4562 μέσον
874 4495 926 4546 ΕΜ
945 4512 951 4545 :
970 4500 997 4548 τὸ
1013 4502 1050 4547 Α·
1107 4498 1137 4549 21
1152 4498 1283 4565 ἄνθρωπον

162 4565 569 4629 ΒΜιάιῘσΤνΕ.ίοιι.Αιᾶνω
584 4573 620 4620 Αι
682 4570 714 4620 24
729 4574 780 4621 ἐστι
795 4569 841 4618 vir
857 4568 911 4633 legi
923 4573 1012 4633 potest
1025 4568 1094 4619 inA
1157 4569 1282 4621 wareo-3

166 4643 242 4694 EBM
259 4658 265 4691 ε
281 4644 311 4695 ἄν
326 4650 356 4695 ιιι
371 4643 427 4694 vid.
443 4645 480 4692 Αι
492 4643 534 4707 (αὑ
547 4643 629 4692 etiam
644 4653 720 4692 nuno
732 4640 865 4699 cernitur)
1052 4650 1054 4654 “
