3164 5512
345 499 392 552 218
731 492 872 543 ΕΡΜΕΙΟΥ
892 494 1090 545 ΦΙΛΟΣΟΦΟΥ

247 655 316 725 [180]
348 649 379 707 τί
393 646 490 707 ἔστιν·
502 648 591 716 οόδείς
603 650 655 731 γὰρ
670 652 745 724 ζητεῖ
760 652 783 709 εί
795 648 865 709 ἔστιν
878 650 1018 733 ἄνθρωπος
1032 651 1117 710 διὰτὸ
1133 652 1252 733 ἐναργὲς,
1265 650 1340 710 ἀλλὰ
1354 651 1380 709 τί
1392 647 1469 708 ἔστιν·

347 749 389 807 ἐπὶ
407 747 436 806 δὲ
453 753 507 805 τῶν
527 751 565 824 μή
586 748 706 828 ἐναργῶν
728 749 859 824 ζητητίον
877 751 923 808 καί
943 752 976 808 τδ
997 753 1024 810 εί
1045 748 1144 809 ἔστιν·
1169 749 1255 815 οὐδείς
1276 752 1328 831 γὰρ
1350 750 1424 828 λὴει
1440 751 1472 806 τί

347 844 415 905 ἔστι
434 844 579 922 σκινδαψὸς
598 849 659 927 πρίν
675 850 772 922 μαθεῖν
792 849 822 905 τό
843 850 870 907 εί
887 844 986 909 ἔστιν.
1007 847 1067 906 Ἐπὶ
1087 848 1115 906 δὲ
1134 855 1189 906 τῶν
1208 850 1352 919 συνθέτων,
1374 848 1415 930 ἐρ’
1434 851 1471 905 ὧν

348 944 419 1003 ἄλλο
440 943 528 1003 ἄλλου
547 948 747 1026 κατηγορεῖται,
765 949 895 1020 ζητητέον
913 948 943 1005 τό
966 947 1017 1005 ότι
1037 945 1135 1018 ἔστιν,
1160 947 1209 1004 εἶθ’
1228 947 1300 1004 οὕτω
1322 948 1354 1004 τὸ
1376 946 1470 1004 διότι·

301 1053 316 1100 5
349 1048 408 1102 οἷον
428 1043 471 1100 ότι
489 1040 557 1100 ἔστιν
574 1039 705 1121 ἔκλειψις·
722 1048 740 1117 ἡ
758 1046 809 1125 γόρ
826 1043 948 1122 ἔκλειψίς
963 1047 1034 1111 τινός
1051 1045 1120 1104 ἐστιν
1135 1041 1265 1123 ἔκλειψις·
1282 1046 1413 1126 πρότερον
1427 1044 1471 1101 οὗν

349 1140 445 1200 είδὲναι
464 1139 505 1198 δεῖ
525 1140 573 1197 ὅτι
589 1145 607 1213 ἡ
626 1141 725 1215 σελήνη
742 1141 872 1217 ἐκλείπει,
890 1143 940 1201 εἶθ’
955 1145 1025 1202 οότω
1044 1147 1089 1202 καί
1108 1143 1208 1202 διὰτί
1229 1141 1360 1203 ἐκλείπει.
1379 1142 1472 1223 apici

350 1247 404 1298 τῶν
428 1241 562 1318 τεσσάρων
581 1240 682 1297 τούτων
704 1238 768 1298 ἄλλο
791 1241 859 1298 ἐστίν
880 1244 895 1299 ’ό
917 1241 957 1301 δεῖ
980 1246 1084 1316 ζητεῖν,
1106 1244 1136 1300 τό
1157 1244 1184 1300 τί
1207 1241 1338 1318 σημαίνει
1359 1243 1423 1299 αὐτὸ
1443 1243 1471 1298 τό

349 1335 447 1412 ὄνομα.
465 1339 514 1394 Καὶ
528 1339 543 1393 ό
557 1337 705 1418 ριλόσορυς
721 1337 768 1395 οὗν
782 1338 898 1396 Πλάτων
911 1345 1019 1420 πρῶτον
1035 1337 1125 1408 δείξας
1143 1341 1183 1397 δτι
1197 1339 1241 1398 δεῖ
1256 1340 1417 1421 συγγρόρειν
1434 1338 1472 1396 διό

348 1442 404 1493 τῶν
429 1435 554 1516 ἀνωτέρω
580 1433 643 1492 ἔνθα
668 1436 734 1518 ρησί
764 1442 895 1494 «τοῦτο
923 1438 981 1513 μὶν
1006 1437 1065 1517 ἄρα
1092 1440 1189 1495 παντί
1213 1437 1315 1510 δῆλον
1342 1438 1392 1494 ότι
1417 1437 1472 1494 οὐκ

286 1539 318 1591 10
350 1534 488 1615 αίσχρόν
507 1555 544 1612 γε
563 1533 640 1590 αότό
660 1555 696 1612 γε
714 1534 749 1591 τὸ
768 1534 909 1616 γρόρειν
929 1536 1053 1615 λόγους
1071 1560 1099 1607 ιν,
1122 1535 1214 1595 ἔπειτα
1229 1541 1288 1601 πῶς
1303 1534 1347 1594 δεῖ
1363 1535 1472 1614 συγγρά-

348 1653 407 1714 ρειν
429 1630 475 1687 καὶ
498 1631 548 1696 τίς
571 1633 585 1688 ὁ
605 1632 725 1710 τρόπος
745 1616 801 1690 τοῦ
823 1631 931 1698 καλῶς
952 1634 1091 1715 γράρειν
1113 1635 1158 1692 καὶ
1177 1633 1266 1715 λέγειν
1288 1635 1334 1690 καὶ
1359 1636 1411 1709 μὴ,
1434 1630 1473 1688 δι-

350 1729 442 1788 δάσκει
461 1729 674 1810 καθολικώτερον
697 1731 742 1788 καί
767 1730 1046 1813 ἐπιστημονικώτερον
1069 1734 1234 1809 ποιούμενος
1256 1734 1287 1790 τό
1311 1728 1472 1813 πρόόλημα,

353 1830 423 1903 μετὰ
439 1829 469 1884 τό
486 1835 573 1885 πᾶσαν
591 1832 641 1900 τὴν
658 1829 746 1910 ἀρχὴν
766 1835 813 1886 τοῦ
830 1829 912 1908 λόγου
931 1830 975 1888 ἐπὶ
989 1832 1037 1896 τὰς
1054 1831 1161 1897 Moira<
1178 1831 1300 1894 καὶτοὺς
1316 1830 1400 1894 ,θεοὺς
1415 1830 1474 1887 όντ-

353 1934 468 2007 νεγκεῖν·
485 1927 574 2006 ὥσπερ
592 1925 621 1984 δὲ
634 1934 673 2003 τῷ
686 1929 780 1999 κανόνι
796 1930 826 1986 τὸ
842 1927 1001 2010 διόστρυρυν
1014 1930 1136 2010 κρίνεται
1153 1932 1198 1986 καί
1216 1934 1250 2006 τῇ
1269 1931 1336 2009 όρθῇ
1356 1929 1387 1985 τό
1405 1928 1473 2007 παρὰ

292 2035 322 2084 15
353 2028 404 2097 τήν
423 2027 517 2105 όρθήν,
537 2028 582 2083 τὸν
601 2026 798 2107 αὐτὸντρόπον
817 2028 908 2107 ὥσπερ
925 2028 962 2092 είς
981 2027 1084 2086 κανόνα
1098 2026 1214 2099 ἀνῆλθεν
1231 2029 1245 2084 θ
1261 2025 1412 2107 ριλόσορος
1428 2028 1473 2096 τὴν
1502 2034 1510 2051 ’

258 2148 283 2199 p.
292 2133 338 2184 181
355 2123 493 2196 ἀληθειαν,
509 2125 527 2200 ᾖ
542 2125 587 2180 καί
601 2123 657 2203 τόΙ
676 2124 758 2199 ὅμοια
771 2126 816 2181 καὶ
831 2126 864 2182 τὰ
880 2123 1091 2205 παρηλλαγμένα
1107 2127 1247 2207 κρίνομεν·
1265 2126 1354 2188 οὕτως
1372 2121 1474 2203 όρείλει

356 2226 371 2280 ό
386 2224 477 2302 ῥητωρ
491 2223 591 2279 κανόνα
606 2218 678 2303 ἔχειν
693 2224 723 2279 τὸ
737 2221 850 2295 ἀληθές.

397 2389 466 2469 ρκγ’.
491 2388 559 2470 'Ap'
582 2389 637 2448 οὖν
660 2391 720 2472 οὐχ
743 2391 901 2473 ὑπάρχειν
923 2390 984 2473 δεῖ]
1007 2393 1065 2451 259
1088 2392 1125 2450 Ε.

347 2584 348 2590 =
397 2546 469 2622 Ὅτι,
484 2551 573 2630 ρησὶν,
590 2548 618 2606 ἐν
631 2554 669 2627 τῷ
682 2549 772 2615 καλῶς
787 2550 874 2629 λέγειν
886 2551 904 2622 ἢ
918 2551 1029 2631 γράφειν
1042 2553 1222 2631 προηγεῖσθαι
1234 2548 1275 2607 δεῖ
1289 2551 1339 2620 τήν
1351 2549 1474 2620 ἀληθειαν

294 2658 326 2710 20
356 2648 400 2707 καί
413 2649 464 2718 τόν
478 2653 577 2724 γνῶσιν
590 2654 637 2704 τοῦ
651 2649 822 2729 πράγματος.
840 2647 868 2705 ‘0
881 2651 931 2729 γὰρ
947 2652 986 2724 μή
1003 2647 1084 2714 eiiii<
1099 2650 1130 2705 τὸ
1145 2647 1241 2721 ἀληθὲς
1256 2653 1305 2705 τοῦ
1321 2648 1474 2727 πράγματος

357 2745 448 2804 ιίκότα
461 2744 534 2825 λέγει
546 2748 608 2825 περὶ
623 2747 716 2807 αὐτοῦ.
734 2745 794 2803 Ὅτι
809 2745 838 2804 δὲ
854 2745 896 2804 δεῖ
908 2754 1008 2826 γνῶσιν
1023 2744 1095 2828 ἔχειν
1115 2752 1169 2803 τῶν
1188 2745 1346 2825 λεγομὲνων
1365 2747 1408 2801 καί
1426 2749 1476 2799 τῶν

356 2844 522 2922 πραγμάτων
540 2843 619 2908 αὐτὸς
635 2842 689 2917 ἤδη
705 2838 806 2911 ἐδίδαξε
823 2844 909 2923 λέγων
931 2869 945 2900 «
962 2846 1035 2925 περὶ
1055 2846 1179 2907 παντὸς
1200 2843 1222 2899 ὦ
1242 2849 1302 2900 παῖ
1322 2842 1382 2918 μία
1401 2841 1475 2921 ἀρχό,

358 2941 484 3000 εἰδέναι
506 2943 579 3021 περί
602 2943 637 2997 οὗ
662 2944 675 2998 ὁ
701 2941 785 3020 λόγος
810 2944 827 3014 θ,
852 2945 970 3008 παντὸς
994 2944 1194 3024 ἁμαρτάνειν
1215 2941 1352 3020 ἀνάγκη.
1376 2964 1390 2993 ν
1416 2939 1477 3018 Τρία

357 3038 406 3098 ὀὖν
421 3039 552 3122 ὑπάρχειν
569 3038 711 3112 <δεῖν>
727 3039 834 3119 λέγεται
850 3047 908 3106 τοῖς
926 3040 1050 3120 λέγουσιν
1071 3042 1087 3112 ἢ
1106 3040 1247 3122 γρόρουσι·
1270 3043 1381 3119 πρῶτον
1397 3039 1427 3095 τό
1447 3037 1478 3092 εί-

298 3151 328 3202 25
360 3137 432 3198 δέναι
448 3139 480 3195 τὸ
497 3139 608 3210 ἀληθές·
628 3138 753 3218 δεύτερον
772 3139 800 3197 δὲ
819 3140 848 3196 τὸ
861 3138 991 3201 δόνασθαι
1008 3138 1064 3222 [τὸ]
1080 3141 1109 3197 ’ἑν
1129 3139 1221 3198 πολλοὶ
1235 3144 1330 3202 ποιεῖν,
1350 3135 1415 3215 ὅπερ
1429 3133 1478 3192 ἔστι

360 3245 410 3309 τῆς
429 3236 591 3318 διαιρετικῆς
610 3236 737 3313 μεθόδου,
758 3240 788 3294 τό
807 3236 903 3296 εἰδέναι
924 3239 948 3296 εί
968 3239 1050 3320 τόχοι
1071 3238 1138 3295 κατόι
1159 3238 1252 3294 πόσων
1274 3235 1479 3310 σημαινομένων

360 3334 465 3413 λέγεται
478 3336 509 3392 τό
524 3336 700 3416 προκείμενον
715 3342 837 3415 πρᾶγμα,
855 3336 968 3416 πότερον
983 3336 1132 3411 ὁμώνυμον
1149 3336 1167 3407 ἢ
1183 3334 1352 3408 συνώνυμον,
1368 3331 1478 3408 πότερον

361 3434 434 3511 γένει
447 3433 476 3490 ’ἐν
491 3434 509 3504 ἢ
524 3432 589 3492 εῖδει
606 3435 650 3491 καί
663 3435 696 3491 τὰ
708 3434 800 3509 δμοια·
815 3433 856 3492 δεῖ
868 3432 914 3491 οόν
925 3435 970 3490 καὶ
984 3432 1143 3514 διαιρετικόν
1155 3433 1234 3491 είναι·
1248 3430 1339 3510 τρίτον
1352 3426 1479 3486 τὰπολλὰ

361 3533 399 3597 είς
412 3533 440 3588 ’ὲν
454 3538 622 3611 συναγαγεῖν,
639 3533 704 3614 ὅπερ
718 3530 774 3590 ἔστι
785 3541 836 3605 τῆς
851 3530 1014 3606 ἇναλυτικῆς
1028 3535 1072 3589 καὶ
1087 3535 1236 3612 ὁριστικῆτ·
1252 3530 1282 3586 τδ
1297 3529 1347 3608 γὰρ
1360 3526 1479 3585 δόνασθαι

299 3644 331 3694 30
360 3629 499 3688 τὰπολλὰ
513 3631 552 3687 ivi
564 3630 643 3710 λόγῳ
656 3626 816 3711 περιλαθεῖν
827 3631 940 3711 όρισμότ
953 3631 1009 3688 ἐστι
1022 3636 1069 3688 τοῖν
1084 3631 1252 3710 πράγματος·
1269 3622 1365 3684 ἔπειτα
1377 3626 1421 3681 καὶ
1435 3625 1481 3693 τήν

363 3732 498 3802 συνθήκην
515 3735 563 3787 τοῦ
582 3727 665 3809 λόγον
683 3730 728 3787 καί
746 3731 796 3801 τήν
817 3728 984 3813 εὐπρέπειαν·
1004 3730 1035 3787 τό
1053 3730 1103 3809 γὰρ
1120 3727 1175 3784 δεῖν
1192 3726 1334 3807 πρόσρορα
1355 3724 1401 3781 καὶ
1417 3723 1482 3796 σίμ-

363 3848 438 3909 ρωνα
460 3832 518 3890 τοῖς
542 3834 622 3891 saci<
644 3827 732 3908 λέγειν
753 3849 783 3884 τε
803 3827 849 3884 καί
868 3826 977 3909 γράρειν
999 3825 1190 3903 ὡμολόγηται,
1213 3828 1301 3880 Ταῦτα
1323 3819 1371 3879 οὗν
1395 3820 1481 3899 ὥσπερ

396 4087 412 4136 9
429 4089 545 4156 ἁνωτίρω
559 4086 607 4138 258
621 4086 645 4135 D
708 4084 739 4136 22
755 4082 803 4150 ἤδη
817 4084 864 4135 237
881 4084 904 4134 Β

400 4218 447 4270 ΝΟ
467 4220 524 4269 1τί
539 4217 627 4282 pricrc
646 4216 708 4266 lccc
726 4228 780 4266 om.
798 4213 827 4263 M
849 4212 915 4275 (jam
932 4210 1024 4263 addid.
1044 4214 1112 4275 Asr)
1176 4209 1339 4273 εζητητείον
1360 4211 1396 4257 Α·
1457 4203 1486 4269 εἰ]

369 4290 403 4357 μὴ
424 4289 486 4340 libri
505 4303 512 4339 ι
532 4291 554 4340 εἰ
573 4286 764 4352 suprascripsit
781 4299 798 4336 a
817 4284 883 4348 iiam
901 4283 1007 4346 conice.
1029 4285 1096 4345 Acri
1161 4279 1237 4345 λέγει]
1251 4283 1349 4346 λέγεται
1367 4277 1427 4328 ΕΊΜ

369 4363 427 4415 3το
443 4374 499 4411 om.
515 4360 542 4410 M
607 4356 718 4416 θοότως
733 4361 769 4407 Α·
832 4352 991 4422 5πρότερον]
1006 4357 1111 4420 πότερον
1126 4352 1155 4405 Μ
1170 4351 1236 4415 (iam
1251 4357 1409 4401 correxerat
1425 4352 1487 4406 Ass)

432 4432 462 4482 10
482 4450 510 4497 γε
531 4438 591 4496 posi
610 4431 715 4497 αίσχρόν
732 4441 784 4478 oni
806 4427 834 4477 M
853 4426 923 4477 Plat.
989 4427 1016 4475 ll
1035 4428 1076 4475 καί
1095 4422 1139 4488 μὴ]
1158 4424 1201 4474 καί
1222 4422 1270 4487 μὴν
1291 4424 1351 4472 Asi·
1367 4421 1416 4485 qui
1433 4421 1488 4470 iraee

370 4503 455 4553 rerba
470 4515 534 4553 cum
548 4500 728 4564 sequentibus
742 4498 879 4550 immerito
893 4495 1081 4561 conjungebat
1144 4496 1173 4544 15
1192 4496 1227 4552 εἰς
1240 4491 1347 4558 κανόνα]
1364 4495 1448 4543 εἰκόνα
1462 4490 1488 4539 Μ

356 4591 363 4607 ·
433 4574 464 4625 18
484 4569 523 4641 ἆρ’
542 4573 613 4623 rubr.
634 4576 657 4621 Α
721 4571 751 4621 22
771 4571 844 4627 αὐτὸς
861 4567 956 4632 scripsi
976 4583 982 4618 :
1004 4565 1072 4626 αὖθις
1090 4566 1151 4617 libri
1215 4565 1246 4615 24
1267 4567 1319 4615 δεῖν
1339 4563 1431 4614 addici

371 4650 402 4702 25
417 4649 446 4699 το
460 4645 561 4696 seclusi
1332 4653 1335 4657 ·
