3150 5504
333 499 380 549 106
405 528 409 535 ,
704 489 845 540 ΕΡΜΕΙΟΥ
865 489 1062 540 ΦΙΛΟΣΟΦΟΥ

234 653 301 721 [116]
332 647 363 704 τὸ
380 651 429 719 ζῆν
449 646 638 728 (ἅνθρωπος
655 648 716 727 γὰρ
736 646 907 728 ἄνθρωπον
928 655 1028 727 γεννᾷ
1049 649 1104 705 καί
1124 648 1248 729 ἥλιος),
1269 647 1341 706 ἔστιν
1360 649 1377 705 ἀ
1394 646 1456 728 παρ’

331 748 434 805 ἑαυτῶν
453 744 511 828 ἔχει
529 748 560 804 τὸ
577 750 636 822 ζῆν,
654 747 744 826 ὥσπερ
760 745 792 819 δὴ
808 745 891 804 πάλιν
907 749 921 804 ό
941 747 1054 824 οὐρανὸς
1070 749 1115 803 καί
1130 749 1144 803 ὁ
1160 752 1222 810 νοῦς
1239 745 1284 826 (οὐ
1302 747 1353 827 γάρ
1368 745 1455 804 ἐπιίσ-

331 868 411 902 ακτον
426 844 498 927 ἔχειν
517 846 625 921 αὐτοὺς,
648 844 722 902 ἀλλά
740 853 848 926 συμρυᾶ
866 849 916 917 τήν
934 845 1033 924 §tuffi-
1054 847 1099 903 καί
1115 844 1197 903 πόλιν
1215 847 1253 910 ὡς
1272 845 1315 902 ἐπὶ
1330 851 1378 903 τοῦ
1397 851 1454 921 νοῦ,

331 934 417 993 όντων
438 937 456 993 ἀ
474 935 536 1016 παρ’
558 933 653 992 ἄλλων
673 934 851 1016 καταδέχεται
873 936 903 992 τὸ
925 943 997 994 νοεῖν
1018 937 1063 992 καὶ
1084 937 1198 1008 νοητικά
1216 938 1347 1015 γίνονται,
1369 935 1456 1015 ὥσπερ

284 1049 299 1097 5
331 1034 345 1088 ό
361 1031 474 1108 δυνάμει
488 1038 548 1099 νοῦς
566 1032 626 1089 καθ’
641 1032 733 1105 αὑτὸν,
752 1029 823 1090 ἔστιν
842 1033 856 1088 ό
876 1032 999 1112 ἐνεργείᾳ
1018 1039 1080 1097 νοῦς
1100 1035 1131 1096 δς
1151 1032 1214 1112 παρ’
1233 1034 1328 1090 ἑαυτοῦ
1349 1030 1457 1113 ἔχειτί

330 1137 401 1188 νοεῖν
419 1131 465 1187 καὶ
484 1132 577 1187 ἑαυτὸν
598 1137 666 1188 νοεῖ·
684 1132 756 1188 οὕτω
776 1130 809 1203 δὴ
830 1128 908 1195 ὄντος
922 1137 970 1188 τοῦ
989 1131 1031 1212 ὑφ’
1051 1131 1143 1210 ἑτέρου
1159 1131 1332 1207 κινουμένου,
1353 1132 1456 1210 ἀνάγκη

330 1230 458 1288 εἶναικαὶ
474 1231 488 1286 δ
504 1231 588 1309 ἑαυτῷ
604 1227 693 1286 αἴτιόν
709 1229 764 1286 ἐστι
777 1235 825 1286 τοῦ
840 1233 975 1287 κινεῖσθαι
988 1232 1033 1287 καί
1050 1231 1138 1305 έαυτῷ
1155 1235 1236 1287 τοῦτο
1254 1237 1386 1311 χορηγεῖ.
1408 1232 1458 1287 Καὶ

330 1329 382 1407 γάρ
398 1327 489 1392 ἄλλως
505 1327 605 1407 ἄλογον
621 1330 734 1385 ἀπὸτοῦ
749 1330 937 1408 έτεροκινητου
952 1328 1039 1385 έπὶτὸ
1057 1329 1184 1401 ἀκίνητον
1198 1330 1285 1407 πάντη
1302 1328 1398 1404 έλθεῐν,
1419 1331 1457 1403 μὴ

332 1425 433 1503 μεταξὺ
447 1427 478 1484 τὸ
494 1427 671 1499 αὐτοκίνητον
684 1423 890 1507 παραλαόόντας
905 1427 995 1506 ὥσπερ
1011 1426 1111 1505 ἀλογον
1125 1428 1179 1484 ἀπὸ
1192 1434 1239 1485 τοῦ
1251 1429 1398 1507 γινομένου
1412 1429 1458 1485 καί

269 1541 299 1590 10
331 1549 396 1584 ποτε
416 1525 492 1592 όντος
513 1526 555 1583 ἐπί
571 1528 603 1583 τὸ
622 1529 660 1602 μὴ
680 1524 711 1582 δν
731 1526 761 1582 τὸ
782 1526 940 1605 ὑπεροόσιον
954 1524 1056 1597 ἐλθεῖν,
1074 1529 1113 1602 μή
1131 1520 1229 1603 μεταξίυ
1245 1530 1275 1585 τὸ
1292 1527 1322 1583 όν
1337 1528 1457 1608 παραλα-

331 1622 439 1691 όόντας·
452 1623 556 1697 ἀίδηλον
569 1627 620 1704 γάρ
634 1620 709 1681 ἔσται
723 1631 804 1680 ποῖον
819 1626 856 1698 μὴ
871 1622 901 1679 όν
913 1620 1180 1702 παραλαμόάνομεν,
1192 1627 1309 1707 πότερον
1321 1627 1353 1683 τὸ
1365 1634 1459 1707 χεῖρον

331 1730 378 1782 τοῦ
393 1723 536 1803 γινομένου
551 1723 568 1794 ἢ
585 1724 615 1780 τὸ
629 1729 764 1803 κρεῖττον,
781 1728 828 1778 τοῦ
845 1718 948 1797 μεταξὺ
967 1722 1005 1798 μὴ
1020 1722 1254 1803 παραληφθέντος,
1272 1726 1339 1803 ὅπερ
1358 1724 1412 1781 ἐστὶ
1427 1726 1457 1780 τὸ

332 1824 374 1881 ἀεὶ
388 1820 429 1879 όν·
447 1823 519 1880 οὕτω
536 1820 568 1894 δὴ
583 1823 628 1877 καὶ
643 1821 685 1877 ἐπὶ
698 1823 831 1893 κινήσεως
845 1818 949 1893 ἀδηλον
969 1818 1042 1878 ἔσται
1059 1829 1140 1880 ποῖον
1159 1822 1288 1895 ἀκίνητον
1308 1824 1457 1903 παραλαμ-

331 1918 463 1996 όάνομεν,
485 1920 599 1997 πότερον
617 1919 648 1975 τὸ
667 1917 874 1998 καταδεέστερον
893 1923 942 1974 τοῦ
958 1921 1146 1999 έτεροκινήτου
1162 1922 1180 1991 ἢ
1196 1922 1226 1977 τὸ
1243 1921 1399 2001 ὑπέρτερον,
1418 1924 1456 1995 μὶ,

269 2032 299 2081 15
332 2014 435 2096 μεταξὺ
448 2023 496 2075 τοῦ
510 2018 688 2089 αὐτοκινήτου
702 2015 940 2098 παραληρθέντος
957 2018 1062 2093 δμοίως
1079 2017 1112 2090 δὴ
1127 2020 1173 2075 καί
1187 2018 1230 2075 ἐπὶ
1250 2021 1325 2090 ζωῆς
1344 2020 1391 2077 καί
1411 2025 1458 2076 νοῦ

331 2121 444 2176 καὶτῶν
461 2115 566 2176 ἀλλων.

370 2217 442 2289 Δότη
460 2221 525 2294 γοῦν
543 2218 561 2286 ἡ
578 2214 757 2286 αότοκίνητος
776 2212 883 2286 κίνησις
903 2217 947 2272 καί
968 2214 995 2272 ἐν
1014 2222 1071 2281 τοῖς
1091 2216 1214 2290 Νόμοις
1236 2217 1287 2272 ὑπὸ
1306 2221 1356 2273 τοῦ
1377 2216 1457 2297 ριλο-

331 2315 414 2395 σόρου
426 2315 520 2393 πρώτη
537 2318 630 2370 πασῶν
644 2314 690 2369 καί
704 2313 775 2392 ἀρχὴ
792 2318 846 2369 τῶν
861 2311 955 2370 ἀλλων
967 2317 1102 2386 κινήσεων
1117 2311 1315 2386 ἀποδέδεικται,
1328 2316 1374 2371 καί
1387 2315 1458 2371 αἰτία

331 2412 398 2468 κατὰ
409 2412 495 2468 πάντα
506 2412 539 2468 τά
551 2411 743 2486 σημαινόμενα
757 2419 807 2482 τῆς
819 2410 919 2477 αἰτίοις.
938 2414 987 2468 Καὶ
999 2413 1050 2491 γάρ
1064 2413 1193 2484 ποιητικὴ
1209 2413 1254 2469 καί
1267 2411 1458 2492 παράδειγμα·

269 2524 301 2573 20
332 2513 392 2583 τική
414 2512 460 2567 καί
479 2509 574 2581 τελικὴ
598 2509 687 2567 αὐτῶν
707 2509 781 2566 αίτία
801 2510 842 2589 (αἳ
859 2512 904 2565 καί
925 2510 1006 2586 μόναι
1026 2512 1125 2589 κυρίως
1148 2511 1214 2568 είσίν
1236 2513 1330 2568 αίτίαι·
1353 2513 1385 2568 τὸ
1406 2513 1457 2591 γάρ

331 2608 429 2668 εἰδικόν
445 2610 471 2666 ἐν
487 2609 559 2684 αὐτῷ
574 2609 630 2666 ἐστι
643 2614 683 2683 τῷ
698 2605 900 2684 ἀποτελέσματι
920 2611 965 2665 καί
980 2609 1045 2666 αότό
1061 2609 1115 2666 έστι
1128 2610 1160 2667 τὸ
1177 2610 1365 2686 ἀποτέλεσμα,
1382 2612 1413 2667 τὸ
1430 2610 1458 2668 δὲ

333 2707 425 2765 ὑλικὸν
439 2705 478 2764 ἔτι
493 2706 574 2765 πλέον
587 2707 681 2787 πόρρω
696 2707 751 2764 ἐστὶ
767 2713 814 2764 τοῦ
829 2707 927 2787 κυρίως
942 2707 1013 2765 αίτία
1027 2707 1106 2765 είναι·
1125 2712 1180 2763 τῶν
1195 2707 1246 2786 γάρ
1266 2709 1304 2763 ὤν
1325 2708 1375 2765 οὐκ
1395 2708 1457 2765 ἀνευ

332 2806 416 2885 λόγον
432 2806 547 2887 ἐπίχει).
565 2804 625 2862 Ὅτι
642 2807 690 2881 μὲν
709 2804 755 2863 οὖν
773 2809 903 2879 ποιητικὴ
922 2805 993 2864 αίτία
1013 2806 1068 2863 έστί
1085 2790 1141 2863 τῶν
1161 2804 1255 2862 ἀλλων
1274 2809 1408 2878 κινήσεων
1426 2808 1456 2863 τὸ

332 2904 507 2976 αὐτοκίνητον
528 2902 623 2975 δῆλον,
647 2905 684 2968 ὡς
705 2904 784 3011 αητὸς
803 2905 830 2960 έν
851 2904 976 2978 Νόμοις
1000 2902 1194 2961 ἀποδείκνυσιν·
1222 2905 1250 2961 εί
1272 2905 1323 2984 γὰρ
1347 2906 1456 2977 σταίη,

269 3024 299 3073 25
332 3005 409 3084 ρησί,
425 3004 462 3059 τά
476 3003 592 3074 πάντα,
605 3008 684 3059 ποῖον
699 3008 807 3081 πρῶτον
821 3004 1011 3075 κινηθήσεταις
1027 3005 1044 3074 ἦ
1062 3001 1148 3074 δῆλον
1161 3003 1203 3059 δτι
1218 3003 1248 3059 τὸ
1266 3002 1455 3075 αὐτοκίνητον·

333 3103 355 3158 εί
368 3101 418 3180 γὰρ
439 3102 469 3156 τὸ
488 3098 640 3171 πλησιάζον
660 3106 699 3174 τῷ
718 3106 851 3174 κινητικῷ
872 3101 949 3175 αἰτίῳ
969 3107 1096 3173 κινεῖται,
1120 3099 1250 3172 δηλονότι
1270 3100 1379 3157 πάντων
1401 3105 1458 3157 τῶν

332 3197 417 3255 όντων
435 3200 629 3277 έτεροκινητων
645 3196 741 3273 όντων,
758 3204 805 3254 τοῦ
822 3196 850 3254 δὲ
866 3199 1044 3271 αὐτοκινήτου
1059 3198 1087 3255 έν
1102 3200 1187 3272 ἑαυτῷ
1202 3195 1315 3279 ’ἔχοντος
1331 3200 1362 3255 τὸ
1382 3221 1459 3269 κινη-

332 3299 406 3354 τικὸν
424 3298 470 3353 καὶ
490 3297 548 3378 οὐχἸ
563 3295 656 3361 ἁπλῶς
675 3297 874 3369 πλησιάζοντος
894 3299 961 3376 πρὸς
984 3297 1059 3370 αὐτὸ,
1082 3296 1148 3355 ἀλλ’
1168 3299 1324 3373 ἠνωμένυυ,
1351 3296 1458 3372 μᾶλλον

332 3394 360 3452 δέ
381 3395 474 3452 οὐσίαν
498 3393 610 3476 ἔχοντος
632 3396 818 3466 τὴνκίνησιν,
842 3393 926 3467 δῆλον
951 3396 989 3459 ὡς
1015 3395 1079 3453 αὐτὸ
1103 3400 1212 3475 πρῶτον
1235 3394 1343 3466 κινηθὲν
1367 3392 1458 3450 τᾶλλα

269 3513 301 3563 30
331 3496 446 3566 κινήσει.
464 3492 566 3574 ’Ὠσπερ
583 3494 634 3572 γάρ
651 3494 674 3552 εί
691 3496 705 3550 ό
724 3493 804 3565 ἥλιος
822 3496 860 3569 μὴ
876 3492 950 3551 ἔδυνε
964 3495 1009 3550 καί
1023 3492 1169 3552 ἀνέτελλεν
1184 3492 1249 3552 ἀλλ’
1264 3494 1393 3565 ἀκίνητος
1408 3495 1456 3565 ἦν,

332 3790 377 3913 891
393 3791 532 3910 ἕκαστον.
552 3784 585 3836 de
605 3786 702 3836 natur.
724 3798 803 3835 ααεο.
824 3785 850 3835 11
871 3783 895 3844 2,
920 3783 948 3835 11
1013 3783 1042 3833 17
1060 3783 1163 3849 iiix
1181 3783 1229 3834 894
1251 3783 1275 3832 D
1339 3781 1371 3832 24
1389 3780 1458 3832 ibid.

364 3863 379 3911 5

1151 3903 1163 3927 Χ

365 3997 426 4048 Tlr
444 3997 473 4047 17
490 3999 506 4060 ἡ
520 3995 680 4059 αύτοκίνητος
694 3998 792 4058 κίνησις
807 3995 873 4045 αίτία
885 3994 950 4045 κατὰ
964 3992 1045 4044 πάντα
1058 3994 1090 4046 τίς
1102 3996 1275 4058 σημαινόμενα
1286 4001 1330 4058 τῆς
1341 3995 1423 4051 αίτίας
1439 3992 1459 4043 C

364 4146 413 4196 ΝΟ
428 4145 442 4195 1
460 4147 526 4197 ἰ’στιν
541 4144 636 4208 scripsi
651 4142 714 4194 coll.
732 4143 787 4204 105,
802 4142 855 4193 241
871 4144 922 4194 ἰ’στι
936 4145 957 4193 δ’
972 4142 1034 4192 libri
1114 4143 1128 4191 3
1146 4147 1180 4201 ὡς
1194 4145 1233 4194 ἐπὶ
1248 4146 1292 4194 τοῦ
1307 4147 1362 4205 νοῦ,
1379 4145 1459 4195 ὄντων

333 4217 451 4281 scripsi:
472 4215 557 4283 ὥσπερ
572 4217 651 4267 όντων
670 4214 732 4264 libri
795 4215 880 4265 5κατ’
898 4214 1003 4265 nitiva
1065 4213 1227 4283 ίδὲαυτῷί
1244 4215 1258 4265 δ
1276 4216 1343 4283 αὐτῷ
1365 4215 1394 4263 Μ

332 4288 432 4339 98110
453 4290 630 4355 παραλαόόντα
650 4286 679 4335 Μ
743 4286 774 4335 10
795 4287 854 4336 ποτέ
873 4288 897 4334 Α
961 4284 991 4334 12
1013 4283 1045 4349 μὴ
1068 4298 1121 4334 om.
1146 4287 1173 4335 Μ
1240 4287 1269 4336 14
1290 4287 1318 4336 τὸ
1336 4291 1460 4349 postrto'-

332 4378 403 4426 τερον
424 4372 479 4409 om.
501 4359 528 4408 M
595 4360 624 4407 15
641 4359 681 4409 ἐπί
699 4366 742 4420 τῆς
764 4364 828 4420 ζωῆς
850 4357 878 4405 Μ
943 4356 974 4405 16
991 4364 1039 4406 τῶν
1059 4370 1114 4407 om.
1135 4357 1165 4406 M
1208 4345 1347 4422 ί17γοῦν]
1364 4355 1410 4408 οὖν
1430 4358 1459 4407 Μ

396 4431 564 4493 αὐτοκίνησις,
585 4428 634 4479 sed
654 4447 681 4486 ος
698 4428 788 4478 statim
805 4439 942 4490 suprascr.
962 4430 985 4475 Α
1049 4428 1081 4478 20
1096 4431 1124 4480 το
1145 4429 1228 4481 Ε’Με
1250 4431 1270 4481 εἰ
1289 4427 1346 4478 ΑΕ*
1362 4427 1396 4490 m

334 4501 364 4551 22
381 4501 425 4565 ἰ’τι]
436 4503 476 4552 επὶ
491 4501 518 4550 Μ
583 4503 658 4551 πλέον
670 4513 704 4549 er
715 4499 826 4550 emend.
838 4503 862 4549 Α
925 4497 960 4547 de
973 4500 1066 4549 verbis
1075 4509 1124 4550 τῶν
1137 4495 1172 4550 ὧν
1184 4502 1230 4552 οὐκ
1241 4503 1299 4552 ἄνευ
1314 4499 1351 4550 oi.
1364 4498 1461 4551 Οενιι-

336 4586 410 4623 Ριου.
426 4573 454 4622 in
475 4571 608 4622 Phoedon.
628 4571 669 4630 84,
690 4570 720 4621 19
740 4569 845 4620 Finckh
909 4568 940 4618 29
955 4566 1034 4621 τᾶλλα
1052 4574 1076 4620 Α
1096 4578 1126 4621 οι
1140 4571 1210 4622 solet
1272 4570 1304 4620 30
1320 4572 1341 4621 ιί
1356 4584 1413 4624 om.
1432 4573 1459 4623 M

336 4644 402 4710 (jam
416 4650 573 4696 oon-exerat
585 4646 654 4705 Αετι
