3248 5512
632 1134 961 1220 PRAEFATIO

284 1738 376 1805 Cum
398 1735 531 1804 Paulus
548 1735 748 1816 Couvreur‚
769 1734 964 1802 admodum
981 1735 1211 1816 adulescens
1230 1734 1359 1802 acerba

242 1865 358 1922 morte
390 1853 563 1945 abreptus
591 1864 661 1936 est,
691 1853 735 1919 de
765 1851 897 1921 litteris
924 1854 1064 1924 Graecis
1091 1853 1360 1945 Platonicisquc

243 1972 376 2041 studiis
392 1976 465 2064 jam
486 1972 580 2041 bene
601 1974 754 2040 meritus
774 1984 850 2040 erat
875 1974 970 2040 etin
996 1973 1033 2040 id
1058 1985 1133 2042 toto
1159 1974 1278 2040 animo
1304 1974 1362 2039 in-

245 2090 438 2157 cumbebat
458 2102 496 2157 ut
521 2090 617 2158 hunc
643 2091 799 2158 Hermiae
828 2090 872 2157 de
901 2089 1060 2157 Platonis
1090 2090 1243 2157 Phaedro
1264 2114 1363 2157 com-

246 2208 461 2274 mentarium
481 2206 617 2298 publici
634 2207 728 2296 juris
748 2207 895 2274 faceret.
918 2209 996 2273 Non
1019 2206 1126 2273 modo
1148 2208 1245 2273 enim
1262 2205 1363 2272 codi-

247 2347 324 2390 cem
346 2323 550 2390 Parisinum
569 2324 655 2391 1810
670 2321 713 2389 ab
729 2324 833 2390 Astio
850 2321 1058 2413 neglectum
1081 2321 1363 2414 diligentissimo

247 2452 461 2508 excusserat
481 2452 516 2507 et
539 2464 650 2508 novas
671 2439 849 2508 lectiones
870 2442 1136 2531 excogitaverat
1159 2441 1202 2508 ad
1228 2452 1364 2507 textum

183 2537 185 2542 .
249 2558 530 2638 emendandum,
562 2557 628 2624 sed
659 2581 741 2624 cum
769 2559 889 2624 omnia
918 2557 994 2624 haec
1023 2559 1057 2623 in
1088 2559 1239 2623 formam
1260 2556 1365 2623 rede-

249 2675 366 2766 gisset
399 2686 434 2740 ct
470 2673 601 2740 librum
634 2674 778 2764 propria
811 2697 917 2761 manu
953 2673 1246 2763 conscripsisset,
1275 2671 1364 2737 nihil

251 2791 398 2858 obstare
419 2789 611 2857 videbatur
631 2790 718 2880 quin
741 2813 834 2880 opus
857 2791 932 2879 jam
947 2793 1024 2856 sere
1040 2789 1247 2857 absolutum
1272 2789 1367 2879 typis

253 2909 506 2977 excudendum
535 2909 751 2976 traderetur.

297 3025 367 3092 Sed
389 3024 460 3090 diis
485 3024 589 3091 aliter
613 3024 744 3104 visum,
772 3048 839 3090 nec
864 3022 974 3092 Paulo
1000 3025 1190 3090 Convreur
1216 3020 1370 3109 contigit

253 3165 428 3208 summam
456 3140 557 3231 operi
586 3141 774 3231 imponere
801 3164 959 3207 manum.
989 3144 1071 3230 lpse
1097 3150 1221 3222 autem
1248 3138 1370 3228 provi-

252 3256 354 3322 derat
379 3280 423 3322 nc
447 3267 567 3323 tantus
588 3255 692 3323 labor
708 3256 745 3322 in
766 3279 896 3323 vanum
916 3256 1071 3336 caderet,
1099 3266 1145 3337 ct,
1171 3278 1251 3321 cnm
1276 3278 1369 3344 pinne

254 3367 426 3440 deficeret
455 3373 691 3449 exanimatus
723 3373 940 3463 propinquis
968 3374 1045 3440 suis
1077 3383 1299 3463 praeceperat
1334 3384 1373 3437 nt

197 3522 198 3525 ¹
254 3488 351 3577 quod
381 3488 550 3553 iniectum
581 3488 803 3579 relinqueret
826 3489 913 3555 milri
937 3489 1203 3556 conliciendum
1229 3488 1372 3555 manda-

256 3617 367 3672 retur.
400 3607 512 3691 Quam
548 3607 772 3696 provinciam
808 3632 852 3674 nc
887 3607 1108 3689 desererem,
1144 3631 1224 3674 cum
1257 3608 1372 3698 pietas

256 3745 342 3812 erga
363 3722 755 3804 deiunctumamicum‚
769 3736 845 3790 turn
867 3726 1039 3790 memoria
1061 3724 1262 3790 officiorum
1290 3747 1372 3813 <pun

257 3840 375 3905 animo
393 3862 539 3930 semper
553 3853 676 3931 parato
694 3842 729 3906 in
748 3865 803 3907 me
821 3840 1035 3925 contulerat,
1053 3841 1264 3911 suadebant.
1281 3844 1375 3907 'l'an-

259 3966 327 4020 tam
349 3956 446 4021 enim
463 3967 538 4022 erat
558 3957 807 4024 auctoritatem
829 3971 1061 4037 consecutus
1080 3970 1151 4024 tam
1172 3970 1276 4026 acuto
1299 3971 1376 4025 erat

260 4075 433 4164 praeditus
459 4075 609 4166 ingenio
634 4088 779 4167 tamque
802 4078 897 4144 varia
922 4077 1127 4145 eruditione
1150 4077 1312 4144 imbutus
1339 4090 1378 4144 nt

259 4189 353 4258 haud
370 4214 451 4258 raro
473 4189 515 4258 ad
532 4215 615 4258 eum
629 4192 880 4285 confugerem,
904 4217 977 4261 non
993 4205 1163 4284 tanquam
1179 4195 1316 4261 amicus
1333 4195 1377 4262 ad

260 4307 463 4401 studiorum
494 4307 671 4390 sodalem,
703 4309 768 4376 sed
797 4309 901 4400 qnasi
937 4309 1141 4400 discipulus
1170 4311 1214 4377 ad
1246 4311 1380 4401 magis·

260 4434 366 4492 trum.
399 4427 455 4505 Et,
487 4448 567 4490 cum
595 4449 635 4491 se
664 4426 898 4517 philologicis
926 4427 1131 4531 disciplinis
1161 4429 1267 4519 paulo
1298 4442 1380 4497 ante

261 4544 425 4613 dedisset
454 4568 561 4635 quam
591 4568 652 4612 eas
682 4547 760 4636 ipse
790 4545 848 4614 vel
878 4545 1008 4615 leviter
1037 4548 1255 4639 attigissem,
1282 4572 1381 4640 saepe

262 4661 349 4729 mihi
367 4661 455 4754 quid
476 4661 546 4730 sibi
567 4662 704 4730 vellent
723 4676 759 4731 et
778 4686 945 4755 quaenam
965 4676 1064 4733 esset
1085 4687 1210 4732 earum
1231 4663 1380 4743 utilitas

1245 4799 1260 4826 ἠ
