3150 5504
323 526 378 578 ΕΙΣ
400 528 461 578 TON
483 525 660 577 ΠΑΛΤΩΝΟΣ
683 525 825 576 ΦΑΙΔΡΟΝ
846 527 968 577 Σλθλίιί
1177 537 1208 589 57

8 695 52 756 9⁴7„
87 688 177 742 νεσθαι
190 681 313 753 ἐποίησε,
331 677 410 737 τάνδε
427 677 455 735 δὲ
469 677 512 736 οὔ·
527 676 567 735 διὸ
584 679 629 736 καί
646 677 717 754 τῷδε
734 680 782 754 μέν
800 677 903 736 τοιόνδε
923 685 1005 754 σῶμα
1020 679 1207 760 ἐπεκλήρωσεν

86 783 156 840 ὥστε
173 781 219 837 καί
238 775 366 854 σῦμὸολα
384 778 474 858 ρέρειν
492 776 582 834 τοιάδε
600 777 667 833 κατά
685 797 714 834 τε
730 777 760 833 τὸ
776 777 941 858 ραινόμενον
956 783 1037 853 σῶμα
1051 778 1119 835 κατά
1133 801 1162 836 τε
1176 779 1208 835 τὸ

87 887 194 954 πνεῦμα
207 879 252 936 καί
267 877 353 947 αὐτὴν
366 877 417 946 τὴν
433 877 535 956 ψυχὴν,
551 873 621 949 τῷδε
637 874 665 932 δὲ
679 874 818 951 οὐθαμῶς.
830 875 888 932 Ἔτι
899 874 927 933 δὶ
938 877 983 932 καί
998 875 1028 932 ἐκ
1037 886 1088 949 τῆς
1102 875 1209 934 τοιᾶσδε

17 980 69 1030 θν·
86 983 157 1050 ζωῆς
171 977 274 1057 γίνεται
288 979 306 1047 ἡ
323 974 523 1046 συναίσθησιςῆ
539 976 588 1049 μή·
606 977 633 1029 οῖ
647 976 700 1054 γάρ
716 972 857 1031 σπουδαῖοι
872 973 965 1054 άνθρες
983 975 988 1053 ί
1006 976 1050 1031 καί
1065 975 1094 1032 εῦ
1112 979 1208 1042 ζῶντες

37 1097 53 1146 5
86 1077 174 1134 πάντα
188 1078 276 1134 αὑτῶν
291 1076 337 1131 τὸν
355 1074 413 1151 βίον
426 1073 472 1129 καί
487 1079 573 1129 πᾶσαν
588 1073 689 1130 ἒαυτὼν
705 1073 839 1152 ἐνέργειαν
855 1075 900 1130 καὶ
913 1070 1035 1153 θεωρίαν
1054 1077 1099 1131 καί
1117 1068 1210 1153 πρᾶξιν

86 1174 227 1239 ἀναθέντες
245 1179 303 1237 τοῖς
324 1169 405 1235 θεοῖς
426 1172 471 1227 καί
489 1177 547 1236 ταῖς
566 1171 692 1252 ἀρανέσιν
714 1171 813 1235 αίτίαις
834 1173 1050 1229 συναισθάνονται
1069 1171 1112 1230 διά
1130 1193 1209 1229 τινων

86 1268 234 1349 συμθόλων
249 1273 294 1328 καί
313 1271 437 1345 σημείων
456 1270 571 1349 πότερον
591 1269 689 1334 αῦτοῦς
709 1270 855 1349 ἀποτρέπει
872 1277 921 1341 τῆς
936 1266 1058 1350 πράξεως
1074 1271 1088 1326 ὁ
1103 1269 1210 1345 δαίμων

87 1373 104 1443 ἢ
121 1369 163 1431 οῦ.
181 1373 230 1428 Καί
243 1369 286 1428 διά
299 1376 380 1426 τοῦτο
398 1367 488 1447 γαλῆς
504 1369 567 1449 ρὲρε
587 1366 784 1446 θραμοῦσης,ῆ
805 1369 975 1448 ίνπχεθέντος
990 1375 1038 1425 τοῦ
1053 1369 1174 1443 ίματίου,
1191 1371 1209 1441 ί,

85 1470 130 1525 καί
146 1469 222 1526 λίθου
232 1467 372 1542 πεσόντος,
382 1467 399 1536 ἦ
411 1475 503 1547 ρωνῆς
517 1465 658 1543 ῥηθείσης,
671 1466 688 1536 ί,
704 1472 825 1536 σκηπτοῦ
838 1468 1060 1546 κατενεχθέντος,
1072 1467 1211 1523 συναισθά-

21 1587 53 1637 10
86 1588 177 1623 νονται
196 1574 246 1637 τῆς
267 1566 421 1644 ἀποτροπῆς
439 1565 483 1620 καί
501 1563 650 1644 ἀπέχονται
669 1571 719 1635 τῆς
739 1557 871 1643 πράξεως.
893 1567 924 1620 Οί
947 1563 976 1620 δὲ
990 1564 1091 1622 πολλοὶ
1108 1565 1211 1641 βοσκη-

88 1665 182 1739 μάτων
199 1664 260 1741 βίον
280 1667 372 1730 ζῶσιν.
393 1661 434 1728 Ἐξ
456 1665 495 1718 ὧν
514 1652 640 1718 ἁπάντων
657 1662 728 1726 είκὸς
747 1664 781 1732 ἦν
796 1663 843 1719 τὸν
862 1662 1010 1742 Σωκράτην
1025 1661 1212 1743 συνεωρακάτα

85 1765 137 1832 τήν
148 1760 348 1837 τοῦιόαιμονίου
359 1761 516 1840 ἀποτροπὴν
529 1761 625 1842 μηκέτι
636 1759 752 1818 ἀπιέναι.
764 1758 849 1817 Ἀλλά
858 1759 884 1816 τί
895 1759 998 1818 έκιίιλυε
1009 1760 1054 1817 τὸν
1066 1763 1210 1841 Σωκράτη,

86 1861 234 1940 προέτρεπε
254 1857 282 1915 δὲ
300 1856 445 1932 οῦδὲποτε;
466 1858 512 1914 καί
527 1863 637 1937 πρῶτον
652 1856 694 1914 διά
707 1857 734 1913 τί
749 1856 883 1931 έκιίιλυεν;
900 1859 933 1915 Ἠ
948 1859 1037 1939 ὥσπερ
1051 1866 1106 1916 τῶν
1120 1859 1212 1916 ’ίππων

86 1961 114 2015 οἳ
133 1960 182 2034 μἐν
203 1960 314 2036 κέντρου
335 1956 439 2014 δέονται
461 1954 504 2012 διά
520 1956 551 2011 τὸ
573 1954 683 2035 βραδεῖς
703 1957 781 2028 είναι,
803 1958 829 2012 οῖ
848 1955 876 2012 δὲ
894 1956 1008 2036 χαλινοῦ
1030 1956 1071 2015 διὰ
1091 1959 1121 2014 τὸ
1141 1951 1211 2023 ὀξεῖς

38 2080 48 2090 ·
88 2058 231 2138 ὑπάρχειν,
251 2055 323 2113 οὕτω
339 2055 452 2111 καὶτῶν
467 2053 614 2133 ἀνθρώπων
630 2055 656 2110 οῖ
671 2055 720 2129 μέν
739 2053 914 2130 εῦμετάῦοτοι
933 2058 978 2112 καί
997 2058 1048 2112 ὑπὸ
1062 2057 1212 2136 προθυμίας

87 2155 116 2212 εὗ
135 2161 224 2212 ποιεῖν
246 2153 413 2230 βουλόμενοι
432 2154 476 2208 καί
494 2151 567 2227 πάσῃ
589 2147 683 2231 πράξει
704 2151 901 2233 ἐγχειροῦντες,
922 2157 978 2219 οῖος
996 2156 1030 2225 ἦν
1050 2155 1211 2234 Σωκράτης,

87 2230 241 2309 κωλῦέσθαι
261 2249 396 2313 πολλάκις
419 2251 470 2305 ὑπὸ
494 2255 542 2305 τοῦ
565 2247 707 2324 δαιμονίου
727 2248 843 2321 δέονται,
865 2253 891 2307 οί
910 2249 938 2308 δέ
957 2250 1150 2326 δυσμετάὸοτοι
1168 2253 1214 2309 καί

89 2350 279 2430 διεγείρεσθαι.
302 2350 332 2405 Εἰ
351 2347 379 2404 δέ
397 2349 441 2404 καί
460 2349 528 2426 πρὸς
546 2348 694 2425 ἀναγωγὴν
712 2348 792 2405 αὐτὸν
810 2350 1011 2429 παρασκευάζον
1026 2350 1055 2406 τὸ
1074 2348 1214 2424 δαιμόνιον

87 2447 176 2528 είρχει
191 2454 246 2504 τῶν
259 2445 372 2505 πολλῶν
384 2443 518 2524 πράξεων,
531 2445 592 2525 ’έχοι
606 2444 636 2501 ἃν
650 2448 694 2501 καὶ
710 2446 781 2502 οὕτω
796 2445 891 2525 λόγον.
902 2446 988 2505 Ἀλλά
999 2445 1041 2504 δια
1054 2447 1080 2504 τί
1096 2448 1159 2528 οὐχί
1168 2450 1214 2505 καί

21 2568 56 2617 20
88 2549 236 2627 προέτρεπε
250 2547 280 2602 τὸ
295 2543 448 2619 δαιμόνιον;
463 2542 523 2601 Ἵνα
540 2546 579 2619 μὴ
596 2545 633 2607 ὡς
651 2543 753 2623 ἀ’λογον
767 2547 812 2602 καί
831 2544 1019 2625 ἑτεροκίνητον
1034 2546 1053 2623 ᾖ
1069 2548 1083 2603 ὁ
1099 2547 1213 2627 Σωκρά-

88 2668 151 2718 της,
163 2643 247 2720 μηθέν
261 2642 305 2724 ἀρ’
318 2644 414 2699 ἑαυτοῦ
428 2647 526 2713 ποιιῦν,
539 2639 609 2716 μηδέ
623 2642 660 2705 ὡς
676 2643 751 2723 ψυχά,
769 2641 866 2721 λογικῆ
879 2643 1067 2716 αὐτοκίνητος.
1085 2645 1130 2701 Διὸ
1144 2643 1214 2725 έρίει

89 2747 138 2821 μέν
154 2743 227 2817 αὐτῷ
241 2742 367 2821 πράττειν
382 2741 420 2803 ὡς
437 2739 618 2813 αὐτοκινήτῳ,
636 2740 660 2796 εί
676 2738 704 2797 δέ
720 2763 786 2798 ποτε
802 2742 840 2804 ὡς
859 2740 998 2821 ἄνθρωπος
1019 2743 1212 2823 σραλλὸμενος

88 2845 119 2901 οῦ
133 2845 251 2911 καθῆκεν
264 2841 279 2896 θ’
293 2862 319 2895 τι
334 2836 436 2913 έμελλε
450 2844 549 2907 ποιεῖν,
566 2838 725 2895 ἀνέστελλεν
738 2838 819 2896 αὐτὸν
832 2838 878 2895 ἀπ’
891 2839 996 2912 ἐκείνης
1011 2850 1061 2912 τῆς
1076 2839 1210 2920 πράξεως.

89 2947 150 3004 Πῶς
166 2938 208 3012 δέ;
226 2938 289 3019 οὐχί
302 2939 347 2992 καί
361 2936 512 3016 προτρέπον
529 2937 702 3014 εὑρεθήσεται
715 2937 745 2992 τὸ
762 2934 912 3011 δαιμόνιον,
930 2935 958 2995 εί
975 2960 1007 3016 γε
1027 2941 1120 3018 ρωνῆν
1141 2939 1213 3013 αὐτῷ

21 3060 54 3110 25
88 3041 191 3119 άρῆκεν
213 3037 261 3106 «ί,
283 3057 337 3110 με,
360 3036 451 3115 ρησίν,
473 3034 531 3090 οῦκ
550 3032 583 3106 έῆι
601 3033 734 3107 ἀπιέναι
754 3037 828 3113 πρὶν
849 3034 884 3091 ἃν
904 3036 1214 3116 άροσιιίιοωμαι,ὥς
1287 3047 1288 3050 ’

87 3161 118 3194 τι
143 3134 360 3214 ἡμαρτηκότα
389 3134 437 3198 είς
466 3133 499 3188 τὸ
528 3129 676 3205 mm
703 3133 733 3188 τὸ
756 3134 806 3212 γάρ
832 3140 988 3213 περιμεῖναι
1013 3135 1214 3214 άροσιώσατθαι

88 3235 284 3315 προτρέποντος
308 3235 353 3302 ἦν.
375 3233 407 3287 'ss
430 3231 526 3309 ῥητέον
550 3231 592 3286 ὅτι
615 3232 645 3287 τὸ
669 3231 717 3306 μὶν
740 3232 836 3295 εἰωθὸς
858 3240 985 3308 σημεῖον,
1010 3235 1048 3297 ὡς
1069 3235 1114 3290 καί
1134 3235 1214 3298 αὐτὸς

88 3334 292 3408 ἐπεσημήνατο,
310 3330 462 3387 κωλυτικὸν
476 3331 522 3399 ἦν·
544 3330 567 3386 εί
587 3330 638 3407 γάρ
657 3331 702 3385 καί
720 3330 784 3385 αῦτὸ
800 3334 876 3411 ρωνιί,
897 3333 936 3395 τίς
951 3331 1031 3401 ἐστιν,
1052 3334 1089 3394 ὡς
1105 3335 1149 3388 καί
1162 3333 1213 3390 ἀλ-

89 3431 177 3512 λαχοῦ
198 3432 257 3487 είπι
273 3431 317 3485 καὶ
336 3435 393 3500 νῦν,
410 3427 475 3486 αλλ’
491 3429 600 3485 είωθυῖά
614 3451 664 3496 τις,
679 3430 799 3485 τουτέστι
814 3428 964 3502 κωλυτικίμ
982 3431 1005 3488 εί
1020 3429 1048 3488 δὲ
1064 3430 1153 3509 λέγοις
1173 3431 1214 3487 ὅτι

25 3552 59 3601 30
90 3532 135 3587 καί
153 3531 222 3600 αὕτη
244 3530 292 3604 μὲν
311 3532 329 3598 ί,
350 3530 425 3607 ρωνῆ
446 3527 565 3584 ἐκώλυεν
585 3528 689 3584 ἀπιέναι
710 3526 900 3603 ἐνδεικνυμίνη
921 3531 951 3585 τὸ
972 3531 1133 3608 ἁμάρτημα,
1151 3532 1165 3586 ὁ
1185 3527 1214 3586 δέ

92 3628 243 3707 Σωκράτης,
270 3626 366 3685 λοιπὸν
396 3623 515 3682 συνοῖδεν
544 3623 589 3705 ἀφ’
616 3627 711 3681 ἑαυτοῦ
743 3625 783 3682 ὅτι
810 3623 864 3682 δέοι
892 3629 971 3684 αὑτὸν
1002 3627 1212 3709 άροσιώσασθαι,

120 3921 151 3971 25
167 3919 248 3970 2126
311 3917 343 3967 28
359 3919 473 3983 ἀλλαχοῦ
492 3915 593 3978 Τίιοαρ.
609 3914 656 3964 129
672 3915 694 3965 Β
710 3928 717 3966 :
735 3915 771 3966 ot.
788 3914 912 3981 Εατίιριί.
927 3917 974 3967 272
988 3917 1010 3968 Ε

122 4049 183 4099 ΤίΤ
199 4047 214 4097 7
229 4050 285 4115 περί
301 4048 411 4110 σημείων
427 4044 448 4095 C
510 4040 541 4094 12
559 4044 660 4108 ἀπορία.
676 4037 746 4099 λύσις
761 4039 859 4092 ΑΟΒΒ

122 4186 168 4237 NG
189 4185 302 4249 Ῑτόνδε]
327 4185 369 4234 τον
389 4182 416 4232 Μ
483 4178 662 4246 ἀπεκλήρωσεν
684 4178 712 4227 Μ
740 4176 911 4244 (ἐπεκληρώθη
931 4178 1158 4229 [λαεεεουεαιελυεε
1177 4177 1212 4228 cf.

92 4260 160 4310 Plat.
181 4257 354 4322 Le9.Vl760
371 4257 405 4316 A)
470 4255 543 4303 θκαί
558 4260 618 4315 post
632 4252 658 4302 δέ
672 4265 727 4300 om.
745 4250 772 4300 Μ
838 4252 1015 4315 θυννίσθησις
1033 4251 1054 4299 D
1071 4251 1108 4314 (in
1127 4263 1213 4314 marg.

90 4335 163 4396 σεως)
227 4332 243 4394 ἢ
261 4329 333 4393 μὴίῆ
353 4329 395 4391 μέν
413 4326 460 4374 DE
474 4325 511 4383 (in
525 4339 610 4387 marg.
627 4323 648 4371 D
664 4326 906 4373 λείπειτιένταῦθατ
924 4324 1016 4381 Είσως
1029 4327 1107 4374 λείπει
1118 4323 1149 4384 τι)

89 4402 274 4455 ὄαῦτῶνίίθαί
336 4396 683 4464 ίάποτρέπειίέπιτρέπειΜ
749 4395 949 4460 θσχεθέντοςΜ
1015 4396 1045 4444 10
1060 4397 1215 4461 άποτροπίας

91 4475 118 4523 Μ
182 4474 214 4524 12
235 4471 373 4539 Σωκράτην
398 4470 427 4519 Μ
494 4470 521 4517 13
544 4465 639 4533 ὥσπερ]
661 4464 695 4525 ὥς
710 4485 759 4517 που
777 4470 814 4514 Αι
877 4467 907 4516 18
924 4470 1061 4533 ἐγείρεσθαι
1078 4465 1105 4514 Μ
1172 4467 1214 4514 καί

89 4553 153 4597 ante
175 4546 237 4612 πρὸς
262 4557 317 4594 om.
343 4542 372 4592 M
436 4541 467 4591 19
488 4542 530 4591 καί
556 4547 620 4589 ante
647 4541 782 4605 προέτρεπε
802 4551 856 4588 om.
879 4538 906 4587 M
972 4538 1000 4587 21
1027 4536 1060 4601 μὴ
1082 4537 1109 4588 δὲ
1129 4539 1153 4585 Α

89 4615 302 4679 22αὖτοκινῆτων
321 4614 349 4663 Μ
365 4614 431 4676 (jam
446 4617 602 4662 correxerat
615 4612 683 4671 AsT)
748 4610 777 4658 2³
799 4613 908 4673 καθῆκεν
923 4609 975 4659 M:
1000 4613 1111 4672 καθῆκον
1130 4610 1154 4658 Α

90 4688 180 4753 ποιεῖν]
201 4692 266 4738 πιεῖν
288 4685 315 4734 Μ
334 4699 340 4733 :
355 4690 435 4735 ποιεῖν
450 4685 492 4734 καί
506 4687 565 4733 Αετ
629 4682 660 4730 29
676 4683 755 4744 λέγεις
770 4680 798 4730 Μ
814 4680 853 4731 (εί.
868 4681 908 4742 66,
925 4681 941 4730 8
955 4688 983 4731 et
999 4680 1029 4730 12
