3120 5506
321 462 368 515 ινα
706 458 847 510 mmor
867 433 1064 509 υιιοαυσοι

223 609 288 676 [166]
324 599 509 675 ῘΔπθλλωνος,
521 613 571 678 τῆς
587 606 636 682 μὶν
651 605 738 664 πάντα
750 607 960 689 ἐπιστρεφοίισης
973 605 1017 665 διὰ
1030 616 1081 680 τῆς
1097 606 1243 685 βασιλείας,
1256 614 1305 665 τοῦ
1319 605 1347 664 θέ
1360 606 1444 664 πάντα

321 702 361 773 εἷς
381 702 539 784 συμφωνίαν
561 705 607 760 καὶ
628 704 723 763 ένωσιν
745 707 904 786 ἀνάγοντος.
925 742 964 751 -
984 705 1064 765 Τὸθέ
1084 709 1139 764 καὶ
1159 710 1196 764 τά
1216 705 1354 764 παιδικά
1375 706 1444 764 πεί-

322 801 450 865 θοντες·
467 800 544 866 τέλος
560 804 612 883 γάρ
627 812 676 874 τῆς
695 805 825 884 ἐρωτικῆς
845 806 891 863 τὸν
907 805 1044 886 ἀντέρωτα
1058 815 1205 885 γεννῆσαι·
1223 808 1281 881 ἅμα
1296 807 1343 862 οὖν
1360 806 1387 862 οί
1400 804 1444 862 θάο

321 899 492 978 συνάγονται.
515 937 555 946 -
580 902 621 959 Οὐ
643 890 763 985 φθόνῳ·
786 906 885 984 τρίπον
906 906 966 962 τινά
986 911 1065 963 τοῦτο
1087 906 1161 963 εἶπεν
1183 905 1388 980 ἐναντιούμενος
1409 910 1446 978 τῷ

274 1004 288 1053 5
321 997 421 1054 Λυσίου
445 996 533 1078 λόγῳ,
558 999 648 1073 ἐπειδὴ
673 1000 768 1082 ἐ’λεγτν
789 1005 804 1060 ὁ
826 1004 928 1067 Λυσίας
952 1003 994 1060 ὅτι
1016 1007 1141 1084 φθονοῦσι
1167 1010 1224 1069 τοῖς
1249 1002 1397 1066 παιδικοῖς·
1420 1004 1444 1060 οί

319 1100 438 1156 τοιοῦτοι
454 1096 500 1154 οὖν
514 1097 634 1179 ἐρασταὶ,
647 1102 739 1181 φησὶν,
752 1101 782 1158 οὐ
798 1104 949 1182 φθονοῦσιν,
962 1100 1033 1159 ἀλλά
1047 1108 1194 1177 μιμοῦνται
1207 1103 1238 1159 τὸ
1253 1109 1332 1161 θεῖον
1347 1104 1445 1183 σοφὸν

321 1191 351 1250 θν
365 1196 410 1251 καὶ
421 1194 521 1253 καλὸν
534 1199 579 1261 καὶ
593 1199 728 1277 ἀγαθὸν,
743 1200 776 1257 οὐ
791 1199 986 1276 δυσμενοῦντες
1003 1203 1042 1266 ὡς
1059 1204 1085 1259 σί
1101 1202 1175 1258 νόθοι
1189 1201 1309 1281 ἐρασταὶ,
1323 1199 1387 1257 ἀλλ’
1402 1202 1446 1266 είς

321 1292 508 1368 ὁμοιότητα
527 1295 636 1361 αὐτοῖς
657 1299 793 1379 φέροντες·
815 1301 829 1356 θ
849 1302 901 1379 γάρ
922 1299 1064 1377 βούλονται
1082 1301 1201 1372 έαυτοῖς,
1220 1307 1303 1357 τοῦτο
1322 1301 1444 1364 καὶτοῖς

195 1484 196 1487 γ
321 1390 480 1471 ἐρωμένοις·
499 1395 546 1469 μία
560 1395 613 1475 γάρ
628 1396 697 1454 ἐστιν
712 1401 730 1469 ἡ
749 1400 806 1469 ζωὴ
823 1398 922 1460 αι’ντών,
939 1406 1061 1456 Τοιοῦτοι
1079 1397 1108 1456 δέ
1126 1398 1195 1468 ἦσαν
1211 1399 1257 1455 καὶ
1277 1400 1304 1456 οί
1324 1397 1445 1477 Πυθαγί·

259 1493 290 1548 10
322 1510 399 1568 ρειοι·
422 1491 482 1549 ὅθεν
504 1494 548 1549 καὶ
568 1495 677 1575 φέρεται
696 1496 877 1576 Πυθαγορείου
896 1498 1067 1561 τινὸςτοῦτο
1087 1497 1118 1554 τὸ
1140 1496 1217 1575 ῥῆμα
1239 1497 1281 1553 τά·
1306 1520 1321 1551 ιι
1339 1497 1369 1553 Τί
1393 1496 1446 1553 ἐστι

322 1586 419 1668 φίλος;
435 1624 474 1634 -
488 1589 587 1656 Ἄλλος
604 1591 670 1670 ἐγώ.
690 1616 704 1648 »

363 1755 425 1831 μη’.
449 1759 619 1838 Προθυμία
642 1759 700 1834 μ”εν
723 1757 790 1838 οὖν]
814 1761 872 1819 253
895 1759 931 1820 C.

362 1898 394 1956 ‘fl
411 1901 460 1975 μέν
478 1899 525 1959 οὖν
545 1902 716 1981 προθυμία
733 1907 797 1959 τῶν
817 1902 966 1982 ἐρώντων
985 1902 1096 1973 τοιαθτη
1111 1900 1152 1966 τίς
1174 1900 1246 1957 ἐστιν
1262 1900 1323 1958 οίαν
1339 1898 1446 1972 διήλθο-

323 2020 384 2073 μεν,
393 2000 445 2056 καὶ
458 2002 473 2056 ὁ
489 2001 589 2065 σκοπὸς
601 2003 646 2057 καί
659 1999 783 2064 τὸτέλος
796 2006 851 2057 τῶν
864 2000 987 2080 ἐρώντων
1002 2001 1081 2064 οθτάς
1096 2000 1161 2077 ἐστι,
1178 1997 1282 2056 τὸκατ’
1296 1999 1446 2070 οἰκειότητα

259 2091 290 2142 15
321 2105 369 2155 τοῦ
381 2105 449 2156 θεοῦ
465 2097 620 2179 ἐκλέγεσθαι
634 2101 679 2157 καὶ
695 2097 738 2156 διά
752 2100 852 2172 ταάτης
864 2107 917 2171 τῆς
932 2097 998 2157 ὁδοῦ
1013 2098 1138 2177 συνάγειν
1152 2099 1184 2154 τά
1199 2097 1321 2157 παιδικά.
1334 2132 1373 2143 -
1385 2103 1444 2159 Πῶς

323 2194 352 2253 δὲ
366 2195 436 2261 θλως
457 2197 632 2255 ἁλίσκεται
645 2199 690 2254 καὶ
705 2198 880 2277 τιτρώσκεται
895 2199 910 2254 θ
928 2197 1041 2278 ἐραστής
1058 2198 1109 2253 ὑπὸ
1128 2203 1176 2254 τοῦ
1193 2196 1342 2277 ἐρωμένου,
1355 2217 1444 2274 πειρα-

322 2297 383 2353 τέον
397 2296 491 2357 εἰπεῖν.
510 2298 559 2354 Καὶ
573 2295 687 2377 άρχεται
706 2295 795 2374 λέγειν
809 2299 858 2368 τήν
881 2297 933 2354 άπὸ
952 2301 1006 2354 τῶν
1025 2294 1091 2372 τῇθε
1108 2295 1151 2352 ἐπὶ
1164 2296 1197 2352 τά
1214 2295 1272 2352 ἐκεῖ
1288 2294 1367 2351 3έαν·
1384 2294 1445 2350 ποτέ

322 2395 373 2473 γάρ
389 2399 423 2470 τῇ
442 2394 510 2473 πρὸς
528 2399 603 2470 ἡμᾶς
623 2396 695 2477 ἀρχῇ
715 2396 859 2476 κέχρηται,
876 2396 941 2452 ποτὶ
957 2394 986 2452 δέ
1004 2399 1038 2470 τῇ
1055 2398 1163 2475 φυσικῇ,
1178 2392 1314 2451 τουτέστιν
1329 2392 1382 2448 ἀπὸ
1393 2396 1444 2447 τῶν

322 2490 424 2550 άνωθεν
438 2493 523 2554 κάτω,
540 2528 579 2538 -
593 2495 627 2551 Τὸ
644 2493 672 2551 δέ
689 2494 743 2551 ἐάν
759 2490 1007 2574 διαπράξωνται
1021 2493 1036 2550 θ’
1051 2495 1315 2572 προθυμοῦνται,
1331 2490 1445 2559 τουτέστι

257 2585 291 2635 2⁰
321 2591 351 2646 τὸ
363 2589 442 2655 τέλος
453 2592 485 2648 τὸ
496 2590 635 2667 εὔδαιμον,
648 2592 715 2671 άπερ
730 2592 783 2649 ἐστὶ
791 2593 827 2648 ’τὸ
838 2593 1009 2663 οίκειωθῆναι
1022 2597 1060 2670 τῷ
1072 2591 1166 2665 οίκείῳ
1176 2596 1233 2668 θεῷ
1248 2590 1292 2646 καί
1303 2587 1444 2666 ἐπιγνῶναι

320 2689 370 2758 τὴν
387 2686 456 2746 ἰδίαν
473 2689 575 2771 ἀρχήν.

363 2854 419 2926 μθ’.
443 2849 634 2910 ’Δλίσκεται
655 2850 687 2909 θέ
709 2850 761 2935 δή]
786 2853 843 2912 253
866 2851 903 2912 C.

360 2996 395 3054 Τὸ
416 2997 464 3072 μέν
480 2997 560 3061 τέλος
577 3005 627 3069 τῆς
647 2996 777 3077 ἐρωτικῆς
794 2997 895 3079 τέχνης
915 2996 945 3052 τὸ
964 2995 1071 3076 ἀ’ριστον
1089 3000 1126 3074 τῷ
1146 2993 1287 3074 αἱρεθέντι,
1305 2990 1397 3062 ἐπειδὴ
1413 2990 1442 3047 οὗ

321 3100 372 3157 πᾶς
387 3094 565 3170 κεκινημένος
579 3095 649 3153 ἐστὶν
663 3097 701 3160 είς
714 3097 744 3153 τὸ
758 3098 922 3176 συναφθῆναι
933 3100 970 3173 τῷ
983 3095 1078 3168 οἰκείῳ
1092 3098 1162 3172 θεῷ.
1177 3093 1225 3149 Διά
1239 3090 1321 3157 ποίας
1337 3089 1367 3147 δέ
1381 3088 1444 3147 6θοῦ

257 3181 288 3232 ²⁵
320 3191 445 3270 ἀνάγεται(
466 3214 504 3258 τις
522 3191 563 3274 ἐφ’
584 3193 677 3249 ἐαυτὸν
696 3194 740 3248 καὶ
760 3194 811 3264 τήν
830 3192 961 3272 ἐρωτικὴν
982 3190 1044 3249 θδὸν
1065 3191 1130 3249 ποία
1151 3190 1217 3248 ποτέ
1239 3177 1295 3246 ἐστι
1317 3187 1445 3267 βοώλεται

319 3298 500 3370 παραστῆσαι.
523 3290 612 3347 Είπὼν
632 3289 679 3348 οθν
697 3292 823 3369 περὶτοῦ
845 3288 946 3371 ἐ’ρωτος
966 3297 1015 3348 τοθ
1034 3291 1101 3347 κατά
1121 3289 1290 3367 κατόρθωσιν
1310 3288 1356 3344 καί
1379 3286 1445 3343 κατά

253 3424 256 3431 ·
309 3388 475 3445 &wammam
492 3387 645 3468 γινομένου,
662 3388 707 3444 καί
728 3389 766 3454 ὡς
785 3388 819 3446 τά
838 3389 906 3468 άκρα
922 3388 1016 3465 είπὼν,
1035 3375 1164 3466 βούλεται
1183 3393 1231 3444 νῦν
1250 3387 1294 3443 καί
1316 3387 1446 3465 περὶτῶν

321 3484 412 3560 μέσων
426 3485 526 3558 εἰπεῖν,
540 3485 615 3564 λέγω
630 3483 663 3555 θή
678 3487 740 3566 περὶ
753 3492 802 3543 τοῦ
815 3485 960 3566 ἐγκρατοῦς
974 3486 1021 3542 καί
1036 3486 1180 3564 ἀκρατοῦς.
1198 3482 1306 3554 Ἐπειδὴ
1323 3481 1371 3540 οθν
1380 3481 1445 3560 ’περὶ

320 3586 411 3663 ψυχῆς
425 3582 580 3662 διαλέγεται
590 3592 642 3656 τῆς
659 3585 766 3660 σώματι
778 3584 1032 3665 προσομιλησάσης,
1051 3584 1161 3648 εἰκότως
1174 3584 1220 3640 καὶ
1237 3579 1335 3645 ἀλλους
1349 3581 1448 3644 ἵππους

259 3681 290 3732 30
321 3682 388 3758 αὐτῇ
408 3680 528 3740 θίθωτιν·
550 3682 606 3757 θ’σῳ
622 3683 674 3763 γάρ
692 3684 811 3741 κάτεισιν
830 3686 849 3755 ἡ
868 3684 944 3764 ψυχὴ
962 3682 999 3746 είς
1014 3684 1064 3753 τὴν
1076 3682 1179 3760 γένεσιν
1195 3682 1240 3738 καί
1254 3679 1398 3753 πλησιάζει
1410 3683 1446 3757 τῷ

215 3771 305 3822 1'59V'
323 3780 436 3838 ἐνταῦθα
453 3778 582 3853 κλάδωνι,
602 3781 607 3860 Ι
625 3782 670 3838 καί
687 3786 808 3862 χιτῶνας
825 3778 957 3844 πλείονας
976 3776 1120 3855 λαμθάνει·
1142 3776 1183 3836 διὸ
1203 3780 1247 3836 καί
1265 3778 1329 3858 περί
1351 3779 1446 3857 ἐτέρων

352 4012 367 4061 5
383 4013 466 4079 ἐλεγαν
480 4012 515 4063 01.
531 4011 577 4062 234
640 4011 656 4062 θ
674 4014 751 4078 σοφὸν
766 4016 819 4063 κτλ.
834 4011 872 4063 of.
889 4010 971 4061 2⁴6ss

352 4136 419 4188 ΤΙΤ1
431 4138 460 4188 ll
477 4141 642 4206 πυθαγάρειος
656 4141 739 4203 λόγος·
754 4140 778 4189 τί
792 4137 862 4202 (συθ.
876 4137 921 4201 τίς)
938 4140 989 4188 ἐστι
1002 4137 1085 4200 φιλος;
1099 4132 1239 4199 άλλοςέγώ
1258 4133 1279 4184 C

354 4262 401 4314 Nc
421 4263 436 4313 4
453 4261 616 4329 συνάγονται]
633 4261 786 4328 συνάγουσιν
804 4265 841 4312 Α·
902 4260 1019 4319 θαύτοῖς
1036 4258 1120 4311 etiam
1141 4258 1234 4310 Flam:
1256 4260 1342 4318 αὐτοῖς
1360 4258 1447 4308 Haut·

322 4349 396 4386 υοιιιν
459 4337 501 4387 καί
520 4335 578 4385 iere
597 4347 677 4384 evan.
701 4335 728 4383 in
749 4334 804 4384 fine
824 4347 921 4384 versus
943 4336 967 4382 Α
1031 4330 1062 4382 12
1082 4333 1252 4398 προθυμίαις
1272 4328 1386 4379 rubr.A

322 4407 352 4456 1⁴
369 4396 441 4465 οὗτος
460 4409 511 4458 ἐστὶ
528 4410 551 4455 Α
616 4404 647 4455 19
664 4405 708 4457 ἐάν
728 4403 921 4473 διαπράξωνται]
938 4403 981 4455 ἐάν
1001 4404 1022 4454 τ’
1040 4401 1253 4469 ἐνδιαπράξωνται
1278 4399 1349 4451 Plan.
1368 4399 1447 4451 codd.

324 4476 371 4526 ΒΤ
385 4491 391 4527 2
407 4476 449 4528 ἐάν
465 4495 493 4541 γε
508 4474 692 4543 διαπράξωνται
707 4488 799 4541 apogr.
864 4475 896 4527 20
910 4475 1028 4540 εύδαῖμον
1044 4475 1098 4524 ΑΜ
1164 4473 1193 4522 21
1212 4470 1289 4536 ἰδίαν]
1306 4472 1402 4523 οἰκείαν
1419 4469 1447 4519 Μ

383 4547 415 4604 22
436 4551 573 4607 ἁλίσκεται,
597 4547 703 4599 &ruba¹
722 4553 745 4598 Α
809 4548 839 4599 27
861 4546 914 4610 νῦν]
938 4547 981 4611 μέν
1001 4547 1029 4596 Μ
1094 4544 1184 4596 ἓθκαὶ
1205 4545 1330 4612 ἀκρατοῦς
1350 4541 1446 4594 om.M

384 4619 413 4669 31
432 4619 588 4686 χιτώναςΑ·
