3164 5512
311 438 367 494 ‘202
704 430 845 483 ΕΡΜΕΙΟΥ
866 432 1063 484 ΦΙΛΟΣΟΦΟΥ

223 590 287 658 [171]
361 578 416 660 ογ’.
440 577 525 637 Ἀλλ’
549 581 622 636 οἷον
643 578 698 636 ἀπ’
720 577 825 637 άλλου
848 580 1049 661 ὀφθαλμίας]
1073 583 1131 640 255
1153 580 1192 640 Ι).

361 719 495 802 Οόὀέγόιρ
508 723 523 778 6
536 721 608 779 οὕτω
624 722 788 803 ὀφθαλμιῶν
803 718 869 802 ἔχει
885 724 991 780 εἰπεῖν
1005 725 1055 794 τὴν
1071 724 1233 805 πρόφασιν
1252 724 1270 794 ἢ
1287 725 1337 795 τὴν
1351 723 1445 780 αἰτίαν

322 819 383 879 οόὀέ
399 822 450 901 γάρ
470 819 542 878 οίόε
561 822 592 877 τὸ
612 821 698 884 πάθος
719 819 762 878 ὀιά
782 821 808 878 τί
828 817 980 896 συμὸαίνει·
1001 818 1143 898 συμόαίνει
1162 821 1191 880 ὀέ
1209 820 1252 879 διά
1271 825 1322 894 τὴν
1341 823 1448 897 συμπά·

323 923 409 977 θειαν·
425 918 509 997 ἤγουν
528 916 572 975 ὀιά
591 923 639 975 τοῦ
659 919 736 999 ἀέρος
756 919 918 976 συνάπτεταί
938 942 997 983 πως
1017 924 1034 991 ἡ
1054 920 1205 1001 ὀφθαλμία.
1222 956 1262 966 -
1277 918 1399 999 Ὥσπερ
1417 916 1448 975 δέ

277 1023 291 1071 5
324 1018 356 1075 ἐν
370 1017 556 1096 κατόπτρῳ·
572 1019 602 1073 τό
618 1019 720 1075 οἰκεῖον
739 1016 910 1097 παράδειγμα
924 1027 975 1090 τῆς
991 1018 1121 1097 ἐρωτικῆς
1137 1019 1293 1094 ἐπιστήμης
1307 1018 1447 1099 ὀφθαλμός

324 1116 405 1189 ἐστιν,
420 1113 511 1186 ἐπειδὴ
527 1117 572 1171 καί
586 1115 616 1172 ἐκ
630 1121 678 1173 τοῦ
693 1118 756 1195 ὁρᾶν
769 1115 874 1193 γίνεται
887 1117 918 1172 τὸ
936 1115 1008 1196 ἐρᾶν,
1021 1117 1067 1173 καί
1083 1119 1110 1173 αί
1126 1114 1279 1192 ἐλλάμψεις
1294 1125 1344 1188 τῆς
1358 1120 1448 1196 ψυχῆς

226 1234 251 1284 p.
262 1219 307 1269 172
323 1211 366 1270 ὀιόι
380 1219 434 1270 τῶν
448 1213 580 1287 ὀμμάτων
594 1212 782 1293 ἐμφαίνονται.
793 1211 895 1294 Ὥσπερ
908 1212 955 1270 οὗν
968 1211 1012 1270 θιόι
1030 1214 1034 1293 Ι
1052 1220 1100 1271 τοῦ
1113 1213 1240 1290 ὄμματος
1253 1219 1301 1272 τοῦ
1315 1213 1449 1293 ἐρωμένου

324 1315 338 1368 6
354 1311 467 1390 ἐραστὴς
483 1311 611 1390 ἀνάγεται
624 1311 680 1368 ἐκεῖ
694 1312 928 1391 ἐνοπτριζόμενος,
946 1313 1018 1369 οὕτω
1035 1314 1079 1369 καί
1096 1314 1110 1369 6
1126 1312 1262 1393 ἐρώμενος
1276 1311 1320 1369 ὀιόι
1335 1319 1383 1368 τοῦ
1399 1310 1449 1386 ὀμ-

325 1430 410 1484 ματος
427 1415 475 1465 τοῦ
493 1408 621 1488 ἐρῶντος.
643 1409 835 1489 Κάτοπτρον
855 1408 901 1466 οὖν
919 1407 1026 1484 μᾶλλον
1042 1410 1072 1467 άν
1087 1433 1129 1476 τις
1147 1409 1222 1468 εἴποι
1239 1411 1270 1466 τό
1285 1416 1333 1466 τοῦ
1352 1408 1449 1490 ὀφθαλ-

259 1504 291 1555 10
325 1513 389 1583 μοῦ·
414 1509 459 1563 καί
483 1506 525 1563 ἐπὶ
548 1513 601 1564 τῶν
626 1505 720 1565 άλλων
746 1506 774 1564 δὲ
797 1508 956 1587 κατόπτρων
978 1505 1124 1580 ὀόναταιὴ
1147 1504 1274 1587 ἐξήγησις
1297 1515 1345 1565 τοῦ
1366 1506 1449 1586 ρἠτου

324 1605 452 1684 ἁρμόσαι.

366 1758 416 1819 06'.
440 1760 498 1816 Καὶ
519 1760 595 1817 όταν
618 1763 675 1835 μἐν
696 1761 824 1824 ἐκεῖνος
846 1763 947 1841 παρῇ]
971 1762 1029 1820 255
1052 1760 1091 1820 D.

366 1903 490 1962 Τουτέστι
509 1906 542 1962 τά
560 1905 628 1962 αότόι
647 1905 748 1987 πάσχει
766 1911 802 1984 τῷ
825 1905 933 1985 ἐραστῇ,
954 1907 999 1963 καὶ
1018 1906 1065 1970 τὰς
1088 1905 1169 1968 αὐτάς
1188 1904 1323 1984 ἐνεργείας
1342 1904 1387 1960 καί
1402 1906 1453 1975 τὴν

329 2003 412 2074 αὐτὴν
427 2004 571 2083 άναγωγῇν
584 2005 629 2060 καὶ
642 2005 672 2061 τό
689 2003 753 2060 αότό
765 2002 844 2069 τέλος
857 2002 977 2085 ἔχουσιν.
994 2039 1034 2048 -
1048 2001 1199 2060 Είόωλον
1214 2001 1248 2060 ὀέ
1262 1999 1386 2081 ἔρωτος
1406 2003 1452 2059 τὸν

252 2105 297 2156 ,15
329 2102 492 2182 ὀντέρωτά
507 2124 583 2183 φησι·
597 2103 629 2158 τά
645 2100 754 2182 ὀεότερα
769 2103 821 2180 γάρ
837 2103 984 2182 προσάπτει
996 2107 1033 2180 τῷ
1048 2103 1188 2182 άντέρωτι,
1205 2099 1299 2172 ἐπειδὴ
1315 2102 1362 2157 καί
1378 2122 1453 2179 πρω-

328 2202 442 2280 τουργόν
460 2199 548 2257 αίτιόν
566 2200 622 2257 ἐστι
638 2206 685 2257 τοῦ
704 2201 851 2280 άντέρωτος
865 2202 879 2257 6
896 2198 977 2279 ἐ’ρως.
994 2235 1033 2246 -
1044 2202 1079 2257 Τό
1095 2199 1123 2257 ὀέ
1136 2198 1380 2280 παραπλησίως
1399 2200 1453 2274 μὲν

330 2297 573 2378 ὀισθενεστέρως
592 2295 635 2353 δέ·
656 2297 789 2355 κάνταόθα
809 2299 841 2354 τά
861 2295 973 2378 ὀεότερα
992 2298 1076 2356 πάντα
1095 2303 1132 2376 τῷ
1150 2297 1277 2377 άντέρωτι
1293 2297 1452 2376 προσάπτει.

371 2454 419 2510 αι’.
449 2453 506 2507 Καὶ
532 2449 570 2520 ὀὴ
596 2453 667 2506 οἷον
693 2449 779 2515 εἰκὸς
798 2458 890 2532 ποιεῖ
915 2452 950 2507 τὸ
974 2452 1055 2525 μετά
1079 2459 1177 2508 τοῦτο
1201 2451 1280 2532 ταχὺ
1305 2451 1341 2506 τά
1366 2446 1453 2528 αότά]

331 2551 391 2609 255
416 2548 453 2607 Ε.

267 2698 300 2748 20
371 2693 415 2758 Ὧς
433 2693 463 2750 θν
481 2692 571 2757 είποις
591 2694 622 2751 τὸ
641 2696 818 2773 προκείμενον
839 2692 963 2770 βούλεται
982 2701 1094 2765 ποιῆσαι
1112 2699 1150 2772 τῷ
1169 2695 1304 2765 ἐνωθῆναι
1324 2691 1455 2770 αὐτῷκαὶ

331 2790 486 2849 ἐπιόίόωσιν
505 2792 599 2849 ἐαυτὸν
618 2797 654 2869 τῷ
674 2791 783 2871 ἐραστῇ·
802 2793 870 2848 κατά
888 2789 916 2848 δέ
935 2792 965 2848 τὸ
986 2792 1149 2872 φαινόμενον
1168 2792 1198 2847 τὸ
1215 2788 1456 2869 συγκατακλιθῇναι

330 2896 367 2969 τῷ
384 2890 481 2969 ἐραστῇ
498 2887 582 2968 λέγει.

372 3040 423 3108 ος’.
447 3041 494 3098 Ἐν
516 3040 572 3098 οὖν
592 3046 630 3116 τῇ
653 3042 886 3120 συγκοιμήσει]
909 3042 966 3099 255
996 3039 1033 3098 E.

372 3186 511 3264 ’Άντικρυς
531 3190 613 3242 ταῦτα
632 3187 663 3241 τά
683 3185 751 3264 ῥητά
769 3187 828 3264 περὶ
846 3185 991 3265 ἐγκρατοῦς
1011 3185 1057 3241 καί
1076 3184 1208 3264 ἀκρατοῦς
1225 3181 1302 3240 δοκεῖ.
1322 3181 1456 3261 λέγεσθαι·

270 3296 300 3346 25
332 3283 373 3341 δεῖ
392 3282 419 3340 ὀὶ
435 3284 500 3341 αότόι
517 3283 759 3363 θεωρητικώτερον
775 3278 966 3357 ἐκλαμὸάνειν,
982 3283 1027 3339 καί
1047 3285 1085 3357 μὴ
1102 3283 1140 3345 ὡς
1157 3279 1232 3338 ὀοκεῖ
1251 3277 1357 3362 ἔχεινῆ
1375 3275 1457 3346 λέξις·

334 3382 365 3439 οό
387 3383 437 3464 γάρ
461 3380 522 3439 άνευ
547 3381 675 3445 ὑπονοίας
700 3383 812 3463 αἰσχράς
837 3381 891 3438 ἐστι
913 3384 946 3438 τά
968 3379 1114 3460 λεγόμενα.
1138 3382 1167 3437 Τί
1190 3381 1240 3460 γάρ
1263 3401 1344 3461 φησιν
1366 3378 1398 3435 ἐν
1420 3383 1459 3453 τῇ

334 3483 570 3559 συγκοιμησει;
592 3481 607 3536 6
627 3480 676 3555 μέν
696 3478 881 3549 άκόλαστος
898 3479 1041 3557 ἀναγκάζει
1055 3480 1193 3558 προσιέναι
1207 3485 1268 3543 τοῖς
1283 3475 1430 3547 παιδικοῖς,
1447 3477 1461 3531 6

261 3634 263 3637 .
335 3578 363 3637 δέ
377 3578 499 3653 ἀμείνων
514 3584 569 3635 τῶν
582 3577 675 3635 ίππων
694 3579 840 3663 ἀντιτείνει,
856 3579 900 3635 καί
919 3578 981 3635 όταν
1001 3576 1052 3634 ὦσι
1071 3576 1214 3659 φιλοσόφῳ
1236 3575 1326 3652 διαίτη
1342 3578 1463 3654 τεθραμ-

298 3699 300 3701 ·
336 3678 424 3754 μένοι,
445 3678 505 3734 τότε
520 3674 612 3734 ἐπεται
630 3677 660 3733 τό
680 3674 780 3755 άλογον
799 3676 845 3733 καὶ
863 3676 1008 3734 ἀκολουθεῖ
1023 3675 1161 3754 τῷλόγῳ·
1179 3675 1242 3732 όταν
1257 3672 1285 3731 ὀέ
1301 3671 1462 3755 ὀφιλοσόφῳ

207 3777 214 3786 ’
274 3797 304 3846 30
337 3775 424 3853 διαίτη
441 3775 492 3832 ὦσι
505 3775 682 3856 κεχρημένοι,
703 3774 881 3855 ὑποφέρονται
896 3775 935 3839 είς
955 3776 1005 3844 την
1019 3774 1147 3845 τοιαύτην
1167 3772 1346 3854 αἰσχρότητα.
1370 3779 1416 3828 θεῖ
1436 3769 1463 3827 ὀέ

335 3878 368 3933 τά
388 3875 526 3953 λεγόμενα
546 3871 638 3939 άλλως
656 3871 821 3955 ἐκδέχεσθαι,
836 3873 882 3930 θνα
900 3873 991 3952 πόρρω
1010 3872 1137 3936 ὑπονοίας
1156 3873 1268 3951 αἰσχρᾶς
1288 3870 1307 3946 ῇ
1327 3871 1361 3926 τά
1382 3867 1464 3947 λεγό-

340 3996 418 4049 μενα,
436 3972 480 4031 ’ίνα
497 3973 543 4029 τόν
564 3973 612 4047 μὲν
631 3970 784 4053 φιλοσόφως
804 3970 989 4051 τεθραμμένον
1010 3968 1054 4027 ὀιά
1070 3975 1125 4026 τῶν
1146 3967 1224 4026 είόῖον
1240 3966 1307 4045 λέγῇ
1323 3967 1464 4047 τυγχάνειν

338 4077 395 4157 τῶν
413 4070 506 4128 καλῶν
524 4078 740 4152 καταφρονοῦντα
761 4075 808 4127 τοῦ
831 4070 960 4142 αἰσθητοῦ
982 4066 1100 4132 κάλλους
1123 4069 1161 4131 ὡς
1182 4050 1406 4142 ἐνόλουγτόνὶόἐ
1426 4068 1464 4140 μή

374 4300 421 4351 NG
441 4297 729 4353 1άλλόίονωλ)ί“.Α
793 4296 1032 4373 ότῇόφθαλμίφΜ
1098 4299 1118 4348 δ’
1137 4296 1208 4346 Plu.
1272 4296 1330 4346 δαί
1343 4309 1400 4346 om.
1415 4295 1469 4345 ME

405 4372 565 4437 ἐλλαμψιςΜ
629 4368 1021 4436 7ἐμφαίνονται]ἐκφαι’νεταιΜ
1086 4368 1329 4427 12καὶ,κταί)ι·.Α
1396 4366 1427 4417 14
1443 4369 1470 4418 δὲ

342 4456 397 4493 om.
415 4444 442 4492 Μ
508 4444 537 4493 15
553 4444 603 4510 γάρ
620 4441 716 4505 scripsi
733 4455 739 4490 :
759 4442 785 4492 δέ
804 4437 866 4491 libri
929 4440 1147 4500 Ῑθκαί,κι·ιιλ)τ.
1165 4443 1187 4487 Α
1252 4438 1282 4488 τά
1300 4438 1375 4501 αὑτά]
1392 4443 1470 4502 ταῦτα

345 4514 414 4564 Plat.
466 4512 611 4578 Ιθθιίποις]
628 4516 695 4564 εἴποι
711 4532 746 4571 τις
763 4515 800 4562 Α·
864 4511 894 4562 23
911 4511 1101 4574 ἐν,ὲιίαί)τ.Α
1165 4509 1252 4559 θόκαί
1271 4509 1400 4575 ἀκρατοῦς
1414 4523 1471 4560 om.

345 4587 373 4635 Μ
439 4583 469 4634 32
485 4588 545 4662 λέγη
561 4584 675 4647 scripsi:
691 4587 760 4650 λέγοι
776 4582 840 4632 libri
