3150 5504
309 490 340 541 92
688 479 830 530 ΕΡΜΕΙΟΥ
853 478 1050 530 ΦΙΛΟΣΟΦΟΥ

211 643 277 710 [107]
310 635 417 700 πολλὰς
439 637 510 705 ζωάς
527 639 571 705 καὶ
590 635 716 712 δυνάμεις
735 645 786 708 τῆς
805 640 896 715 ψυχῆς
917 635 960 692 έπί
978 637 1008 691 τὸ
1026 636 1055 691 ἓν
1075 642 1192 716 συναιρεῖ
1209 639 1254 693 καί
1270 637 1375 716 ἀνάγει,
1391 637 1433 695 ίνα

310 735 415 810 μᾶλλον
436 736 555 810 σῴζηται
576 738 620 792 καί
639 736 795 816 συνέχηται.
818 733 848 790 ‘fl
868 732 896 791 δὲ
916 734 1029 813 ἐρωτικὴ
1052 734 1200 815 ἐπιστρέφει
1219 736 1280 801 τοὺς
1298 737 1374 801 νέους
1394 737 1430 801 εἰς

308 837 383 908 ἡμᾶς
402 835 448 890 καί
468 835 505 899 εἰς
525 833 614 914 φιλίαν
633 837 715 908 ἡμῶν
733 832 801 910 ἄγει,
822 831 975 905 παιδευτικιί,
991 854 1030 897 τις
1052 831 1118 890 οὖσα
1135 834 1180 889 καί
1196 833 1264 904 αὐτὴ
1283 840 1337 890 τῶν
1355 835 1430 906 νέων,

308 933 352 989 καὶ
367 931 419 988 ἀπὸ
432 937 481 989 τοῦ
497 933 623 1003 αἰσθητοῦ
637 930 751 996 κάλλους
763 930 806 987 έπί
821 931 850 986 τὸ
864 931 979 1011 ψυχικὸν
991 933 1073 1005 ἡμῶν
1087 930 1194 996 κιίλλος
1207 932 1356 1010 συνάγουσα
1369 932 1430 996 τοὺς

263 1038 278 1086 5
310 1033 399 1101 νέους,
416 1032 460 1087 καί
479 1031 531 1088 ἀπὸ
551 1032 647 1088 τούτου
663 1030 706 1088 έπί
720 1030 751 1086 τὸ
766 1031 863 1101 νοητὸν
878 1030 1083 1105 ἀναπέμπουσα,
1104 1031 1194 1110 ὥσπερ
1209 1029 1242 1101 δὴ
1258 1033 1303 1087 καὶ
1317 1028 1390 1088 ἔνδον
1402 1032 1431 1087 τὸ

309 1129 337 1184 ἓν
352 1137 400 1200 τῆς
414 1132 506 1209 ψυχῆς
521 1136 579 1194 τοῖς
594 1135 671 1193 θεοῖς
688 1136 830 1199 συνῆπτεν.
847 1163 887 1172 -
901 1127 1050 1207 ’Ππιίρησεν
1064 1130 1078 1183 ὁ
1094 1129 1199 1207 ἑταῖρος
1219 1127 1341 1208 Πρθκλος
1359 1133 1430 1197 πῶς,

310 1229 333 1285 εἰ
350 1227 380 1284 έκ
393 1227 546 1306 διαιρέσεως
565 1223 749 1303 λαμάἀνονται
761 1229 789 1283 αἰ
806 1228 911 1302 μανίαι,
928 1225 1039 1283 δυνατὸν
1054 1225 1137 1298 ἀλλην
1152 1227 1221 1284 εἰναι
1235 1226 1307 1307 παρὰ
1321 1227 1431 1291 ταθτας.

312 1328 382 1405 Πρὸς
406 1328 421 1382 δ
442 1327 515 1383 εἶπεν
539 1329 553 1382 ὁ
576 1325 721 1406 φιλόσοφος
742 1326 794 1398 ὅτι,
814 1326 837 1382 εἰ
854 1327 899 1381 καί
919 1324 948 1381 έκ
967 1323 1121 1403 διαιρέσεως
1142 1320 1340 1399 λαμθάνονται,
1359 1324 1434 1382 οὐδέν

311 1424 423 1493 κωλύει,
446 1421 555 1499 μᾶλλον
578 1421 606 1480 δέ
626 1425 672 1480 καί
695 1423 854 1501 ἀναγκαῖον,
877 1420 990 1479 ἕκαστον
1012 1421 1101 1478 αἰετῶν
1123 1423 1174 1479 ὑπὸ
1193 1420 1308 1480 πολλῶν
1330 1424 1435 1478 κεῖσθαι

205 1542 231 1591 p.
248 1527 293 1578 108
311 1528 397 1598 θεῶν,
414 1521 474 1578 κατ’
493 1522 498 1600 Ι
517 1520 604 1586 ἄλλας
620 1522 711 1596 μέντοι
722 1523 768 1578 καὶ
785 1520 868 1595 ἀλλας
882 1517 1023 1585 ἐπιθολιίς.
1041 1527 1104 1584 Πῶς
1125 1518 1165 1597 δὲ,
1182 1522 1258 1601 φησί,
1274 1522 1323 1590 τὴν
1339 1520 1433 1578 τελεσ-

311 1623 389 1691 τικήν
409 1621 450 1677 ἀεί
471 1621 666 1699 προτέττοντες
688 1625 783 1677 πασῶν
804 1625 858 1676 τῶν
877 1618 940 1699 παρ’
959 1623 1031 1694 ἡμῖν
1051 1617 1262 1695 έπιτηδεθσεων,
1283 1619 1328 1675 καὶ
1349 1618 1435 1689 αὐτῆς

311 1726 443 1791 <τῆς>
460 1717 619 1800 φιλοσοφίας
638 1727 688 1791 τῆς
709 1719 881 1799 ἀνθρωπικῆς
902 1717 1047 1797 ὑπερτέραν
1067 1717 1151 1789 αὐτὴν
1170 1717 1310 1796 λέγοντες,
1328 1724 1375 1774 νῦν
1389 1718 1434 1772 καί

313 1825 444 1892 μαντικῆς
462 1817 507 1873 καί
527 1817 659 1896 ἐρωτικῆς
676 1823 809 1891 ποιοῡμεν
827 1814 1050 1894 καταδεεστέραν;
1074 1815 1110 1871 Ἢ
1129 1821 1238 1895 πρῶτον
1262 1816 1312 1890 μέν
1329 1813 1357 1871 έν
1375 1821 1444 1877 τοῖς.

311 1923 360 1972 τοῦ
375 1916 542 1995 ἀνθρωπίνου
556 1917 615 1992 βίον
632 1917 788 1995 πράγμασιν
801 1915 884 1986 αὐτὴν
897 1914 1096 1994 προτάττομεν,
1114 1912 1178 1972 ἀλλ’
1193 1914 1257 1994 οὐχί
1272 1915 1317 1970 καὶ
1333 1913 1360 1969 έν
1374 1920 1434 1975 τοῖς

249 2017 279 2068 15
313 2023 361 2086 τῆς
381 2018 473 2094 ψυχῆς
494 2014 578 2086 αὐτῆς
594 2014 654 2071 καθ’
674 2016 767 2085 αὑτήν.
790 2012 876 2071 ’Δλλά
895 2012 937 2070 διά
956 2014 1038 2088 τίμὴ
1060 2013 1099 2076 ὡς
1119 2010 1193 2069 ἔνδον
1211 2008 1281 2093 ἔχει,
1299 2014 1372 2068 οὕτω
1390 2014 1436 2068 καί

312 2109 379 2186 ἐ’έω,
400 2114 444 2169 καί
464 2114 516 2192 γὰρ
536 2112 668 2191 ἐλέγομεν
689 2113 757 2170 εἶναι
776 2111 924 2190 ἀναλογίαν
944 2118 1001 2177 τοῖς
1019 2108 1095 2168 ένδον
1114 2112 1183 2189 πρὸς
1203 2112 1236 2166 τά
1253 2109 1315 2176 έέω.
1332 2110 1366 2166 ’Π
1382 2108 1436 2167 ἔστι

315 2212 364 2285 μέν
377 2211 431 2287 ὅπῃ
447 2207 506 2291 ἔχει
520 2214 570 2282 τὴν
585 2212 652 2290 πρὸς
669 2212 701 2268 τὰ
718 2209 795 2268 ένδον
809 2209 965 2288 ἀναλογίαν,
979 2208 1034 2266 έστι
1051 2207 1079 2266 δί
1094 2208 1148 2285 ὅπη
1165 2208 1215 2265 οθκ
1229 2205 1298 2289 ἔχει.
1317 2209 1436 2288 Προτάτ-

312 2331 387 2365 τεται
403 2311 451 2383 μέν
466 2311 517 2389 γὰρ
532 2314 625 2366 πασῶν
640 2315 694 2366 τῶν
708 2308 802 2367 ἀλλων
816 2313 833 2380 ἡ
849 2292 999 2381 τελεστικῆ,
1019 2309 1059 2365 ὅτι
1077 2305 1110 2378 δὴ
1125 2310 1170 2364 καί
1183 2309 1231 2372 τάς
1249 2305 1335 2373 ἄλλας
1349 2307 1436 2372 παίσας

315 2405 487 2465 συλλαθοῦσα
506 2406 564 2489 ἐ’χει
586 2408 712 2487 (καὶγὰρ
732 2407 881 2486 θεολογίαν
900 2407 946 2463 καί
967 2405 1126 2487 φιλοσοφίαν
1144 2408 1287 2480 αἰμπασαν
1303 2407 1350 2462 καί
1370 2406 1437 2486 ἐρω-

253 2509 285 2560 20
316 2508 393 2578 τικὴν
416 2508 518 2581 μέντοι·
543 2505 586 2563 δεῖ
609 2508 660 2586 γὰρ
682 2507 767 2577 αὐτὴν
789 2504 890 2586 σφόδρα
911 2506 1046 2584 ἐρωτικῶς
1067 2504 1180 2585 έξῆφθαι
1201 2504 1301 2578 αὐτῶν,
1323 2503 1370 2560 ’ἰνα
1391 2505 1436 2561 καί

313 2607 495 2685 κατορθωθῇ),
515 2608 565 2676 τὴν
585 2607 676 2679 μέντοι
693 2604 825 2684 ἐρωτικὴν
844 2607 894 2676 τὴν
911 2600 962 2670 έξω
983 2604 1071 2678 μόνην
1088 2602 1149 2659 καθ’
1169 2604 1267 2673 ἑαυτὴν
1287 2601 1437 2660 ἀποδιαλα-

315 2700 406 2768 ἀθντες
420 2705 491 2760 οὕτω
504 2711 677 2782 θεωροῦμεν,
693 2705 738 2760 καί
752 2704 836 2779 ταθτη
852 2702 972 2783 φαίνεται
986 2707 1057 2777 ἡμῖν
1071 2700 1264 2780 καταδεεστέρα
1278 2708 1326 2772 τῆς
1339 2701 1436 2758 τελεσ-

314 2789 403 2874 τικῆς.
428 2810 483 2874 Τῆς
507 2802 667 2874 τελεστικῇς
693 2802 739 2859 οὖν
764 2803 808 2859 έάν
833 2797 1018 2878 ἀποδιαλάἀης
1042 2802 1090 2864 τὰς
1122 2797 1222 2871 ἄλλας,
1252 2800 1326 2858 πολὺ
1355 2800 1435 2863 αὐτὰς

313 2900 521 2981 καταδεεστέρας
541 2901 626 2972 αὐτῆς
649 2900 721 2977 ὄψει.
743 2901 778 2958 Οὐ
801 2899 841 2958 δεῖ
860 2900 906 2958 οὗν
925 2901 971 2964 τάς
993 2897 1138 2978 ἀναλογίας
1157 2900 1226 2955 κατά
1244 2899 1331 2955 πάντα
1351 2921 1436 2978 παρα·

251 2999 282 3049 25
315 2997 441 3073 θάλλειν,
459 2998 533 3056 ἀλλά
550 3001 617 3055 καθὸ
639 3000 723 3074 μόνον
742 2994 1011 3078 παραλαμάἀνονται·
1033 3001 1090 3054 οἷον
1108 2998 1145 3061 ὡς
1164 2998 1186 3053 εἰ
1201 3000 1334 3077 σχήματα
1348 3017 1438 3074 παρα-

208 3098 299 3148 Μίῑ·
314 3095 494 3180 λαμάἀΙνοιτο
513 3096 649 3177 ἀνάλογον
667 3100 735 3155 κατά
753 3099 785 3154 τά
800 3093 915 3173 έμθαδά,
934 3098 1031 3172 μηκέτι
1051 3094 1079 3152 δὲ
1094 3098 1163 3153 κατὰ
1179 3097 1226 3159 τὰς
1243 3097 1434 3175 περιμέτρους·

317 3199 348 3256 οὐ
361 3199 412 3278 γὰρ
427 3198 535 3260 πάντως
551 3195 736 3268 ἀκολουθήσει.

354 3298 435 3353 Δῦται
460 3297 509 3370 μέν
533 3293 579 3352 οὗν
600 3301 683 3351 πᾶσαι
706 3296 733 3351 αἰ
755 3296 894 3374 εἰρημέναι
918 3293 1011 3369 μανίαι
1031 3294 1169 3373 κρείττους
1190 3292 1241 3349 εἰσι
1261 3301 1310 3364 τῆς
1332 3314 1439 3372 σωφρο-

315 3395 410 3466 νοίσης
429 3397 529 3474 ψυχῆς.
550 3392 624 3449 ’Ἐστι
646 3392 736 3467 μέντοι
755 3415 795 3457 τις
815 3398 849 3469 τῇ
872 3392 1031 3472 σωφροσίνη
1054 3392 1197 3471 σύστοιχος
1221 3391 1313 3464 μανία,
1339 3394 1373 3462 ἣν
1394 3392 1439 3446 καί

254 3489 285 3538 30
315 3493 382 3550 κατέ
401 3515 427 3548 τι
447 3491 664 3549 πλεονεκτεῖσθαι
686 3493 737 3548 ὑπὸ
759 3501 808 3563 τῆς
831 3491 1009 3571 σωφροσύνης
1032 3490 1177 3569 ἐλέγομεν.
1203 3489 1276 3545 Κατά
1299 3490 1351 3568 γάρ
1375 3489 1439 3552 τοίς

318 3593 415 3667 μέσους
439 3589 540 3668 λόγους
565 3599 612 3662 τῆς
635 3594 727 3672 ψυχῆς
749 3592 794 3646 καί
816 3587 854 3647 ἐ’τι
872 3590 933 3655 τοὺς
950 3587 1129 3669 ’,δοξαστικοδς
1150 3587 1284 3645 έπίπνοιαί
1303 3610 1376 3652 τινες
1396 3588 1441 3666 γί·

317 3712 417 3760 νονται,
437 3687 498 3744 καθ’
515 3689 546 3752 ἀς
567 3690 631 3767 ὑπέρ
650 3686 743 3745 ἐλπίδα
762 3686 927 3746 ἀποτελοῦσί
944 3709 1001 3744 τινα
1021 3688 1048 3743 οἰ
1065 3693 1184 3767 τεχνῖται
1202 3689 1247 3742 καὶ
1267 3688 1439 3765 θεωρήματα

317 3789 493 3867 εὑρίσκουσιν,
514 3787 552 3850 ὡς
572 3785 735 3858 Ἀσκληπιὸς
756 3786 821 3866 φέρε
843 3786 870 3842 ἐν
890 3787 995 3864 ἰατρικῇ
1016 3786 1060 3855 καί
1080 3783 1218 3864 Ἡρακλῆς
1241 3784 1269 3841 έν
1289 3788 1438 3863 πρακτικῇ.

348 4013 364 4062 6
380 4012 496 4078 Πρόκλος
509 4013 538 4062 in
548 4013 743 4064 commentario
755 4013 782 4062 in
794 4011 948 4062 Phoedrum
957 4011 1117 4076 deperdito?
1180 4014 1197 4064 8
1211 4010 1283 4076 οίμαι
1297 4010 1372 4077 (εἶναι
1384 4012 1441 4076 Bc)

319 4083 443 4150 Συριανὸν
454 4084 496 4134 τάν
508 4086 585 4150 μέγαν
597 4087 665 4148 φησί’
683 4074 712 4134 οὗ
728 4083 836 4148 μαθητὴς
849 4084 965 4151 Πρόκλος
976 4083 1105 4150 (Πρόκλον
1118 4083 1172 4148 BC)
1186 4086 1215 4135 in
1227 4085 1355 4148 margine
1370 4084 1440 4135 ABG

348 4213 410 4263 Τιτ
426 4214 441 4264 ε
456 4215 549 4281 empta
563 4213 660 4264 Acon

350 4348 397 4398 ΝΟ
417 4346 511 4400 7τίναι
531 4349 607 4413 ἄλλην
628 4349 656 4398 Μ
720 4348 884 4413 9έκάστηνῗί
949 4349 978 4398 12
994 4357 1036 4413 τῆς
1049 4349 1144 4398 addidi
1207 4349 1238 4399 15
1254 4347 1287 4414 τὶ]
1301 4351 1330 4399 τ“ο
1348 4349 1376 4397 Μ

319 4420 381 4488 ἔχει]
393 4422 458 4487 ἔχειν
470 4422 498 4470 Μ
564 4422 594 4472 18
605 4421 688 4478 πείσας
699 4421 774 4480 ἄλλας
785 4423 814 4471 Μ
878 4420 911 4471 20
920 4423 963 4471 καὶ
973 4435 1027 4470 om.
1038 4422 1066 4471 M
1130 4422 1160 4471 21
1173 4424 1318 4494 κατορθωθῇ
1329 4420 1424 4484 scripsi
1437 4433 1444 4469 τ

318 4492 448 4559 κατορθῴη
467 4494 528 4544 libri
591 4493 622 4544 23
643 4492 770 4568 ἀπολάθης
789 4494 817 4542 Μ
881 4493 912 4542 24
928 4495 971 4543 καί
987 4496 1180 4560 καταδεεστέρας
1201 4492 1229 4541 Μ
1293 4493 1325 4543 26
1344 4493 1440 4556 ἐ’μθαδα

320 4565 347 4613 Μ
413 4565 442 4616 27
468 4564 576 4631 πάντως]
600 4563 681 4615 πάντα
705 4564 733 4612 Μ
798 4565 829 4615 29
851 4584 887 4624 τις
911 4577 964 4615 om.
991 4565 1020 4613 M
1083 4572 1126 4629 τῆς
1157 4560 1321 4631 σωφροσύνης
1348 4564 1376 4613 Μ

320 4636 349 4683 33
366 4635 499 4712 πρακτικῇ]
514 4644 620 4710 πυκτικῇ
636 4638 694 4685 ΑΒΤ
