3164 5512
468 420 522 472 ΕΙΣ
543 422 603 472 ΤθΝ
627 422 802 474 ΠΛΑΤΩΝΟΣ
824 423 966 474 ‘Muros'
990 425 1110 474 ΣΛΟΛΙΛ
1304 436 1349 487 231

132 581 198 648 [187]
264 560 338 655 μές’.
362 576 403 662 06
424 577 484 656 γὰρ
505 577 650 655 ἀγεννῶς
670 578 706 633 τὸ
728 577 832 654 ἐπιόν]
855 577 913 635 264
936 577 971 637 Β.

267 717 393 775 Τουτέστι
415 719 484 774 πάνυ
508 718 538 774 τὸ
562 716 677 775 ἐπελθόν
703 717 773 796 αότῷ
796 720 1006 799 γεγρσφηκέναι.
1034 755 1073 763 -
1097 718 1196 779 ’Λλλὰ
1219 722 1294 780 τόδε
1317 745 1352 801 γε

230 817 330 891 οίμαι·
350 822 386 892 τῇ
406 822 503 897 φυσικῇ
522 822 673 892 κατασκευῇ
692 818 738 873 καί
757 817 834 890 ζῴων
852 819 896 873 καί
914 815 1028 897 δένδρων
1043 818 1180 887 ἀπεικάζει
1195 821 1240 878 τὸν
1255 821 1351 900 λόγον,

228 915 274 970 καί
288 937 368 994 φησιν
383 915 424 971 ότι
438 914 526 992 ῶσπερ
541 915 573 970 τό
586 917 654 992 ζῷον
669 914 778 996 συνεχές
794 914 863 971 ἐστιν
876 915 941 972 αὐτὸ
955 917 1039 994 ἐαυτῷ
1053 918 1097 973 καί
1110 917 1211 988 ἥνωται
1223 920 1268 975 καὶ
1280 913 1353 985 τάξιν

182 1012 197 1060 5
229 1011 286 1093 έχει
306 1013 420 1092 πρῶτων
441 1015 485 1069 καί
507 1011 636 1091 δευτέρων
657 1015 702 1069 καί
723 1012 858 1094 ἐσχάτων,
880 1014 967 1077 οὕτως
992 1012 1096 1094 ὀφείλει
1117 1017 1161 1072 καί
1185 1018 1199 1072 6
1223 1014 1304 1095 λόγος
1325 1019 1353 1074 ἐν

230 1117 311 1185 σῶμα
332 1110 520 1191 ἀποπληροῦν.
542 1113 590 1169 Ar&
604 1111 630 1168 τί
647 1110 675 1168 δέ
689 1113 832 1186 ἡνωμένον
848 1110 888 1170 δεῖ
901 1114 947 1170 τόν
965 1110 1046 1192 λόγον
1061 1115 1144 1188 εἴναι;
1163 1113 1256 1186 ἐπειδὴ
1272 1118 1352 1173 παντί

229 1210 367 1289 πράγματι
385 1210 415 1266 τὸ
431 1208 513 1266 καλὸν
531 1212 577 1267 καί
595 1211 626 1266 τὸ
641 1208 670 1267 εὖ
686 1211 737 1266 ἀπὸ
754 1216 802 1266 τοῦ
817 1212 874 1276 ἐνὸς
889 1210 1083 1285 ἐπιλάμπεται·
1104 1214 1126 1269 εἰ
1143 1215 1181 1288 μὴ
1198 1215 1248 1294 γὰρ
1263 1219 1300 1292 τῷ
1315 1215 1353 1270 ἐνί

229 1311 397 1388 κατασχεθῇ,
418 1308 598 1379 οἱανδήποτε
619 1316 731 1389 πρᾶγμα
753 1309 784 1365 οίι
805 1308 915 1368 δύναται
934 1311 1003 1368 εἶναι
1022 1311 1134 1388 ἀγαθόν·
1155 1313 1241 1378 οὕτως
1258 1315 1303 1369 καί
1322 1315 1352 1370 τὸ

229 1404 331 1469 κέλλος
347 1405 395 1462 οὔκ
409 1404 465 1463 ἐστι
478 1404 564 1464 καλὸν
581 1408 603 1464 εἰ
621 1409 659 1481 μὴ
672 1405 766 1472 ἐνωσις
779 1407 890 1485 γένηται
902 1409 1011 1465 πάντων
1023 1415 1079 1466 τῶν
1095 1411 1207 1489 μορίων.
1226 1408 1290 1468 ”Λτε
1306 1411 1353 1468 οὗν

124 1518 205 1581 p,188
231 1505 270 1578 μὴ
288 1501 361 1583 έχων
378 1505 409 1560 τὸ
426 1506 569 1579 ἡνωμένον
584 1507 598 1562 6
613 1505 712 1563 Λυσίου
728 1505 810 1584 λόγος
826 1505 888 1564 οὐδὲ
904 1506 1008 1573 κάλλος
1024 1504 1083 1589 ἐγει
1098 1508 1124 1565 ἐν
1139 1507 1248 1587 ἐαυΙτῷ.
1265 1512 1353 1567 -Τὸ

231 1599 260 1658 δέ
280 1601 363 1659 ὥστε
389 1606 473 1677 μήτε
497 1604 663 1685 ἀκέφαλον
686 1607 767 1678 μήτε
792 1602 893 1662 ἄπουν
918 1605 1020 1678 εἶναι,
1044 1608 1180 1664 τουτέστιν
1201 1608 1288 1688 ἀρχὴν
1310 1611 1354 1665 καὶ

233 1701 301 1775 μέσα
315 1703 359 1757 καὶ
372 1699 453 1766 τέλος
468 1697 565 1782 έχοντα
579 1703 624 1758 καί
639 1696 723 1768 τάξιν.

271 1850 338 1933 ρίζ’.
364 1851 486 1928 Σκέψαι
508 1851 629 1929 τοίνυν]
652 1853 711 1912 264
733 1852 769 1912 C.

271 1997 333 2056 ’Ὀτι
352 1997 412 2056 οὔτε
432 1998 547 2078 ὡρίσατο
568 2000 629 2079 περὶ
651 2000 729 2057 ποίου
749 1998 898 2079 διαλέγεται
917 1999 1026 2081 ἔρωτος,
1048 1999 1109 2058 οότε
1127 2001 1180 2058 ἀπὸ
1200 2002 1288 2083 ἀρχῆς
1308 2025 1354 2060 τε·

169 2111 199 2161 15
229 2098 370 2176 ταγμένης
385 2093 500 2176 ἤρξατο,
512 2094 585 2154 ἀλλὰ
599 2092 731 2177 ἐξεστιτῷ
746 2099 845 2178 πρώτῳ
861 2100 899 2163 ὡς
916 2098 1031 2179 δευτέρῳ
1043 2101 1204 2179 χρήσασθαι,
1218 2102 1263 2157 καί
1278 2098 1354 2157 οὐδέν

232 2195 349 2277 διαφέρει
367 2201 415 2252 τοῦ
435 2195 637 2276 ἐπιγράμματος
658 2198 689 2253 οὗ
709 2196 855 2255 έκτέθειται
874 2197 901 2254 ἐν
920 2204 979 2261 τοῖς
999 2198 1104 2276 ῥητοῖς·
1126 2195 1212 2264 ἔξεστι
1229 2200 1280 2278 γὰρ
1299 2204 1355 2255 τῶν

231 2300 312 2376 τριῶν
331 2295 433 2377 στίχων
451 2300 507 2352 τῶν
527 2295 611 2374 ἐντῷ
632 2295 818 2375 ἐπιγράμματι
837 2299 867 2354 όν
887 2296 919 2354 ἂν
937 2294 1032 2373 ἐθέλῃς
1054 2293 1195 2376 προτάξαι·
1220 2297 1286 2377 δ’περ
1306 2297 1355 2354 οὐκ

231 2392 301 2452 ἐστιν
317 2397 414 2474 είρμοῦ
429 2392 492 2452 οὐδέ
504 2389 617 2460 τάξεως·
634 2395 694 2452 δθεν
710 2396 779 2459 τινές
798 2396 954 2452 τὰτοιαῦτα
969 2395 1162 2474 ἐπιγράμματα
1176 2397 1294 2476 τρίγωνα
1308 2419 1355 2453 κα·

231 2493 337 2562 λοῦσιν,
354 2490 446 2564 ἐπειδὴ
463 2492 525 2549 ὅθεν
540 2492 572 2549 ἂν
587 2492 680 2569 ἐθέλῃς
697 2492 808 2551 δύνασαι
824 2489 960 2573 ἄρξασθαι.

171 2656 203 2707 20
275 2636 346 2719 ρξη’.
368 2640 427 2697 Τὸν
448 2639 547 2718 λόγον
566 2639 668 2720 ἡμῶν]
691 2640 751 2698 264
773 2640 809 2699 Ε.

272 2778 317 2843 Ὡς
332 2780 437 2858 ἑταῖρος
452 2784 500 2835 τοῦ
515 2779 613 2835 Λυσίου
629 2781 643 2834 6
658 2779 776 2859 Φαῖδρος
794 2780 825 2836 οὐ
844 2780 936 2861 χαίρει
955 2802 1014 2843 πως
1034 2786 1091 2844 τοῖς
1111 2779 1270 2859 λεγομένοις
1287 2784 1354 2840 κατὰ

234 2877 333 2933 Λυσίου
347 2878 391 2933 καί
406 2881 454 2933 τοῦ
470 2873 564 2956 λόγου.

274 3013 339 3099 ρίθ’.
362 3024 485 3076 Τοῦτον
508 3020 566 3094 μέν
586 3017 710 3098 τοίνυν]
734 3020 792 3077 264
815 3018 851 3079 E.

273 3155 436 3237 Φιλοσόφως
456 3156 620 3230 ποιοόμενος
637 3158 685 3227 τόν
704 3157 842 3212 συνουσίαν
856 3157 902 3213 τὸν
921 3155 1035 3236 ἐλέγχον
1049 3157 1098 3214 οίικ
1113 3157 1251 3236 ἐριστικῶς
1265 3161 1354 3238 προτί,-

170 3263 200 3313 25
233 3277 314 3334 γαγεν
328 3253 393 3312 ἀλλ’
408 3252 472 3335 ἄχρι
487 3261 535 3310 τοῦ
550 3276 610 3310 τινα
625 3257 809 3334 ἁμαρτήματα
824 3249 988 3321 ἐνδείξασθαι
1002 3261 1050 3311 τοῦ
1066 3252 1159 3333 λόγου·
1177 3254 1289 3313 ἐδύνατο
1303 3257 1354 3336 γὰρ
1391 3328 1394 3333 1

232 3356 277 3411 καί
291 3350 361 3410 ἐλλα
374 3351 486 3410 πλείονα
502 3352 657 3430 ἐπαγαγεῖν,
674 3349 748 3408 ἀλλοί
761 3374 842 3433 φησιν
859 3377 873 3407 «
886 3353 941 3410 ίνα
957 3356 999 3429 μή
1016 3353 1052 3411 σὺ
1067 3352 1160 3434 ἄχθῃ,
1178 3361 1283 3416 σιωπῶ,
1298 3381 1312 3408 ν
1333 3356 1338 3434 Ι

129 3521 217 3572 10811·
275 3509 326 3585 ρο’.
351 3508 463 3564 Καίτοι
485 3508 585 3588 συχνὰ
607 3505 870 3587 παραδείγματα]
894 3508 952 3566 264
975 3506 1012 3573 E.

273 3641 470 3719 ’Λμαρτήματα
485 3640 558 3718 λέγει
572 3642 617 3696 καί
629 3646 662 3716 τῇ
675 3644 880 3719 παρασιωπήσει
891 3640 1002 3717 ᾐνίξατο
1015 3643 1048 3697 τίι
1061 3640 1154 3722 ἄπειρα
1168 3644 1353 3722 ἁμαρτήματα

231 3744 279 3795 τοῦ
295 3736 391 3816 λόγου.
408 3739 495 3794 -Τό
510 3737 538 3795 δὲ
551 3739 634 3817 πρὸς
650 3740 667 3795 ἅ
682 3760 731 3802 τις
747 3736 892 3816 βλέπων·
908 3740 1029 3797 τουτέστι
1042 3740 1111 3819 πρὸς
1125 3746 1209 3796 ταῦτα
1222 3742 1255 3797 τέι
1270 3762 1352 3820 παρα-

172 3844 202 3892 30
234 3836 366 3916 δείγματα
384 3839 428 3893 καὶ
447 3840 480 3893 τὰ
499 3840 682 3917 ἁμαρτήματα
699 3841 748 3893 τοῦ
767 3837 867 3894 Λυσίου
885 3836 965 3916 λόγου
983 3838 1093 3915 βλέπων
1112 3859 1152 3903 τις
1166 3842 1210 3895 καί
1224 3841 1262 3914 μὴ
1278 3841 1352 3920 χρώ-

266 3999 296 4049 18
311 3998 393 4057 mk:
413 3997 448 4047 ot.
470 3995 555 4046 schol.
577 3997 657 4047 Hom.
676 3999 695 4047 Ι*
713 3998 756 4048 156
770 3997 818 4047 ubi
837 3997 973 4048 Homerus
992 3998 1091 4048 dicitur
1110 3998 1214 4062 primus
1233 4002 1353 4066 τρίγωνον

235 4075 380 4138 ἐπίγραμμα
395 4070 535 4132 scripsisse

265 4184 327 4234 TlT
345 4184 373 4234 16
390 4187 535 4250 ἐπίγραμμα
555 4186 594 4234 ἐπί
613 4194 648 4251 τῷ
665 4183 733 4250 τάφῳ
751 4187 794 4234 τοῦ
810 4183 893 4234 Μίδου
909 4182 929 4231 C

267 4297 314 4347 Nc
330 4297 343 4347 l
362 4297 401 4356 οὐ,
416 4316 429 4346 ο
443 4295 517 4345 rubr.
534 4298 556 4343 Α
622 4296 651 4347 οὐ
665 4296 722 4361 γὰρ]
736 4297 782 4348 οὐκ
801 4295 870 4346 Plar.
933 4296 963 4346 ll
982 4296 1051 4361 μήτε]
1066 4295 1100 4360 μὴ
1114 4297 1143 4346 τ“ο
1161 4296 1231 4346 Plar.
1249 4297 1309 4346 eod.
1332 4296 1354 4346 Β

297 4365 361 4419 εἶναι
382 4367 442 4431 μήτε
463 4367 544 4417 ἄπουν
565 4366 634 4416 Plar.
704 4366 732 4416 1³
755 4370 854 4433 σκέψαι,
879 4386 896 4417 σ
916 4368 990 4417 rubr.
1013 4372 1037 4417 Α
1106 4366 1137 4417 16
1160 4357 1200 4432 οὗ]
1220 4368 1234 4418 δ
1256 4368 1291 4427 ίί]

235 4440 264 4490 17
282 4438 367 4506 τριῶν]
388 4437 517 4504 τεσσέρων
531 4435 565 4497 12)
634 4439 736 4506 στίχων]
759 4438 868 4504 στοίχων
891 4437 918 4486 Μ
983 4438 1014 4488 20
1034 4440 1076 4489 τὸν
1098 4438 1171 4488 rubr.
1195 4443 1218 4489 Λ
1283 4443 1354 4504 ἡμῶν

248 4525 302 4560 om.
318 4510 386 4560 Plat.
402 4509 462 4559 cod,
477 4507 501 4556 T
564 4507 594 4557 21
615 4518 668 4568 πῶς
689 4509 715 4558 Μ
780 4509 810 4559 23
831 4513 927 4570 τοῦτον,
947 4530 960 4560 τ
979 4510 1052 4559 rubr.
1077 4514 1099 4558 Λ
1163 4512 1194 4560 24
1215 4511 1304 4562 οὐσίαν
1324 4511 1353 4560 M

297 4581 328 4631 26
345 4589 447 4632 σιωπῶν
469 4583 495 4628 Μ
562 4579 592 4627 30
610 4583 707 4645 βλέπων
727 4581 819 4639 -;;ζίίν>
837 4599 872 4638 τις
888 4579 921 4640 (θ)
