3120 5506
317 461 372 513 ΕΙΣ
392 462 454 513 ΤΟΝ
476 462 653 514 ΠΛΑΤΩΝΟΣ
675 463 817 517 ‘hemon
840 467 963 518 ΣΧΟΛΙΔ
1159 480 1204 532 191

8 619 50 689 65]
83 616 272 697 ρακτηρίσουσι
291 615 324 674 τά
346 620 394 674 τοῦ
416 615 530 697 οἰκείου,
554 615 750 700 ἐπιχειρήσωσι
769 624 810 694 τῷ
826 619 941 696 τοιούτῳ
965 619 1207 699 ἐπιτηδεύματι

84 713 170 794 (λέγει
185 713 214 773 δέ
231 720 269 794 τῷ
284 713 430 796 ἰρωτικῷ).
447 749 487 761 -
504 714 578 773 Τύτ’
596 715 884 798 ἐπιχειρήσαντες,
906 717 1042 776 τουτέστιν
1061 714 1208 801 ἀρξάμενοι

81 820 131 871 τοῦ
157 814 378 895 ἀναπτεροῦσθαι.
403 851 444 861 -
468 813 670 898 ’ἰχνεύοντες
694 814 727 874 δέ
749 815 826 898 παρ’
852 818 985 893 ἑαυτῶν,
1010 819 1143 877 τουτέστιν
1168 820 1206 886 εἰς

81 911 194 978 ἑαυτούς
216 912 443 995 έπιστρερύμενοι
463 914 533 972 ὥστε
554 913 581 973 ἰν
601 915 706 981 ἑαυτοῖς
727 913 796 974 ἰδεῖν
816 916 850 973 τδι
871 914 932 989 είδη
953 915 1054 977 ἐκεῖνα.
1072 950 1112 961 -
1129 916 1164 974 Τδ
1179 915 1207 974 δί

34 1017 50 1067 5
82 1010 277 1091 ἰχνεύοντες
300 1013 386 1083 εἶπεν,
407 1011 453 1070 ’ίνα
472 1010 548 1071 είποι
568 1012 609 1070 δτι
627 1013 716 1094 ὥσπερ
735 1014 788 1071 ἀπὸ
809 1013 930 1074 εἰδώλων
950 1010 1137 1091 λαμύένοντες
1156 1016 1207 1087 τήν

80 1114 191 1187 γνῶσιν.
210 1108 244 1167 Ὃ
263 1108 338 1190 λέγει
355 1109 403 1168 ούν
420 1117 500 1169 τοῦτο
517 1108 599 1170 ἔστιν·
621 1111 685 1169 δ’ταν
699 1110 727 1169 δέ
742 1112 781 1177 εἰς
796 1113 907 1178 ἑαυτούς
923 1113 1100 1194 έπιστρέψωσι
1113 1111 1207 1170 καίδύ

82 1209 185 1266 ἑαυτῶν
200 1209 341 1290 Βηράσωσι
354 1213 387 1268 τὰ
400 1217 449 1268 τοῦ
467 1211 569 1269 οἰκείου
583 1216 676 1285 θεοῦ,
690 1210 746 1269 τότ’
762 1208 873 1292 εύποροι
888 1211 1018 1292 γίνονται.
1031 1246 1072 1258 -
1085 1212 1208 1271 Μανδά-

82 1309 175 1365 νουσί
192 1330 227 1367 τε
245 1308 300 1366 καί
317 1307 411 1367 αύτοί
430 1296 660 1392 μετέρχονται,
679 1311 716 1376 ὡς
731 1312 771 1386 μή
790 1308 905 1384 είδύτες,
921 1309 1036 1393 έμρασιν
1052 1309 1081 1369 δί
1095 1306 1206 1394 ἔχοντες

81 1413 130 1478 τῆς
143 1407 270 1479 τοιαύτης
284 1407 437 1487 ἀναγωγῆς·
450 1407 496 1466 καί
513 1408 731 1491 μετέρχονται
744 1414 856 1475 τοιαῦτα
869 1408 1070 1485 ἰπιτηδεύματα
1081 1410 1099 1467 ἀ
1112 1410 1208 1482 ἀνήκει

20 1510 52 1562 10
82 1510 120 1584 τῷ
135 1505 232 1580 οἰκείῳ
250 1511 322 1581 θεῷ,
339 1507 398 1565 οίον
413 1508 428 1563 δ
443 1506 572 1582 μυυαικδς
588 1507 732 1588 ρδόγγους,
749 1507 870 1587 ῥυθμούς
883 1508 933 1566 καί
942 1508 976 1566 τάι
990 1508 1084 1585 ὅμοια,
1101 1505 1208 1590 δριλύ·

83 1624 166 1686 αυρος
180 1605 361 1684 γεωμετρίαν,
378 1604 554 1686 ἀστρονομίαν
567 1605 613 1662 καί
628 1605 661 1663 τά
676 1606 769 1683 δ’μοια,
784 1604 838 1673 ἑως
853 1608 885 1665 ού
904 1607 1095 1690 ἰχνεύοντες
1110 1607 1209 1687 εύρωαι

81 1709 131 1762 τοῦ
158 1704 261 1762 οἰκείου
284 1709 367 1762 θεοῦ
390 1703 474 1776 αὐτήν
498 1706 548 1778 τήν
571 1704 675 1786 ρύαιν.
701 1738 741 1751 -·
762 1706 821 1763 Καί
846 1703 1072 1787 ἰραπτύμενοι
1095 1704 1207 1763 αύτοῦ·

83 1801 309 1885 ἐφαπτόμενοι
332 1801 406 1861 εἰπεν
431 1800 523 1875 ἐπειδή
552 1801 629 1861 ούπω
652 1799 782 1877 ήνδησεν,
806 1801 874 1860 ἀλλά
896 1809 1003 1884 πρῶτον
1029 1799 1055 1872 ἑξ
1084 1800 1210 1884 ἀμυδρῶν

84 1899 170 1982 ἰχνῶν
187 1901 324 1980 γίνεταιὴ
339 1899 486 1984 ἰπιστρορὴ
503 1903 521 1973 ή
537 1900 577 1966 εἰς
592 1899 716 1973 ἑαυτούς,
732 1901 790 1960 εἰτα
805 1901 907 1984 έπαιρῇ,
925 1901 985 1961 εἶτα
1003 1901 1108 1962 ἑνώσει.
1125 1899 1208 1959 Ὀταν

22 2003 52 2054 15
85 1997 132 2058 ούν
151 1998 357 2080 ἐπιστρέψαντες
377 1998 531 2081 ἰράψωνται
549 1999 645 2074 αύτοῦ,
660 1999 720 2059 τύτε
736 1998 779 2058 διὰ
796 2007 849 2073 τῆς
870 2003 982 2078 μνήμης
997 2002 1120 2060 ἑνοῶνεαι
1139 2000 1210 2080 αύτῷ

84 2103 122 2178 τῷ
139 2098 235 2172 οἰκείῳ
250 2102 317 2177 θεῷ.
338 2098 343 2176 Ι

7 2261 70 2313 Βδε·
130 2247 186 2328 με’.
210 2251 269 2310 Καὶ
289 2252 418 2310 τούτων
437 2250 475 2323 δή
499 2252 556 2310 τὸν
576 2250 745 2334 ἐρώμενον
767 2251 982 2331 αἰτιώμενοι]
1002 2253 1063 2312 253
1080 2251 1120 2313 Α.

124 2393 185 2454 Ὅτι
200 2395 292 2462 αύτοῖς
306 2395 411 2475 ἰγίνετο
424 2396 496 2478 ἀρχή
511 2403 562 2468 τῆς
577 2395 767 2469 ἀναμνήσεως,
779 2395 819 2460 ῶς
831 2392 940 2475 ἀγσλμα
952 2394 1032 2453 αύτδν
1043 2395 1208 2476 περιέπουσι.

84 2528 124 2540 -
144 2495 180 2552 Τδ
202 2492 231 2552 δέ
250 2492 309 2551 κάν
331 2493 366 2551 ἐκ
385 2494 460 2558 Διὸς
480 2494 635 2574 ἀρύτωσι,
650 2491 787 2551 τουτέστιν
807 2494 874 2573 ἀπερ
893 2491 924 2550 ἀν
940 2493 1032 2565 ἰκτῆς
1046 2492 1209 2573 ἐπιστροφῆς

21 2593 53 2645 20
83 2602 133 2667 τῆς
152 2593 220 2674 πρὸς
241 2593 288 2650 τὸν
311 2593 414 2650 οἰκεῖον
432 2592 502 2651 Βεδν
521 2592 676 2671 ἀρύτωσι,
699 2595 825 2667 νοήματα
844 2596 928 2649 ταῦτα
950 2592 987 2656 εἰς
1009 2591 1055 2649 τδν
1075 2590 1212 2670 ἰριύμενυν

86 2690 308 2772 μετοχετεύουσι,
324 2688 496 2755 παιδεύοντες
511 2690 602 2750 αύτύν.
616 2724 656 2735 -
668 2690 704 2747 Τὸ
723 2688 752 2747 δί
766 2690 809 2755 ὡς
825 2692 858 2747 αί
872 2690 1009 2771 Βάκχαι,
1026 2687 1116 2761 ἰπειδή
1132 2689 1212 2746 αύται

85 2789 258 2848 ένδυυσιῶσαι
270 2790 322 2846 ύπδ
334 2795 384 2848 τοῦ
397 2787 526 2847 δεσπότου
539 2787 667 2847 Διονύσου
678 2795 728 2846 τοῦ
741 2787 838 2869 ἰρύροο
849 2796 900 2861 τῆς
910 2786 1082 2860 τελεστικῆς,
1096 2787 1211 2869 κάτοχοι

85 2888 169 2947 ιιύτοῦ
188 2887 310 2969 γίνονται
328 2887 455 2962 <καί>
473 2884 582 2968 εύποροι
602 2884 747 2969 [γίνονται]
761 2888 805 2944 καί
819 2887 887 2968 ἀπερ
901 2883 1097 2968 ἐξευρίσκουσιν
1111 2884 1207 2951 ἀλλοις

89 2987 320 3070 μετοχετεύουτιν.
341 2987 346 3067 Ι

17 3147 65 3202 166
129 3141 185 3217 μς’.
207 3137 299 3198 Ὅσοι
320 3135 349 3195 δ’
368 3135 406 3195 αύ
429 3135 502 3214 μεθ’
523 3133 639 3217 Ἥρας]
662 3135 721 3195 253
743 3134 780 3196 B.

126 3284 264 3342 Τουτέστιν
282 3281 340 3340 δ’σοι
353 3286 391 3360 τῷ
405 3276 485 3360 ἔρωτι
497 3285 535 3359 τῷ
548 3288 600 3352 τῆς
616 3277 761 3352 δεσποίνης
777 3275 864 3359 Ἥρας
881 3277 1042 3360 κατέχονται
1055 3277 1100 3336 καί
1113 3274 1211 3336 δποιδοί

87 3383 153 3442 εἰσιν
168 3381 264 3458 αὐτῆς,
281 3381 356 3438 οὗτοι
367 3380 415 3438 τδν
431 3378 568 3460 δρώμενον
584 3375 759 3457 βασιλικὸν
779 3378 951 3449 ζητοῦσιν,
968 3374 1059 3449 ἐπειδὴ
1075 3377 1121 3433 καί
1139 3377 1214 3455 βασι·

87 3479 163 3547 λείας
181 3480 277 3563 έρορος
293 3462 339 3538 καί
357 3479 487 3544 σύνθακος
508 3482 546 3558 τῷ
566 3477 607 3535 Διὶ
627 3479 646 3548 ὴ
667 3476 744 3540 Βεύς.
765 3510 805 3521 -
824 3474 1001 3536 Βασιλικδν
1023 3473 1052 3533 δί
1068 3474 1148 3556 ,λέγει
1165 3476 1214 3535 τ’δν

89 3579 309 3660 συντεταγμένον.

26 3739 59 3790 ³0
130 3737 187 3812 ρξ’.
211 3736 247 3792 θί
267 3731 301 3792 δὶ
322 3729 532 3797 Ἀπόλλωνός
551 3751 587 3789 τε
607 3729 662 3787 καί
681 3724 831 3809 ἑκάστου]
855 3727 914 3789 253
936 3726 973 3788 Β.

128 3884 187 3937 Τῶν
209 3877 277 3954 μετά
296 3876 343 3934 τδν
362 3875 412 3933 Δία
431 3876 478 3933 τδν
497 3873 626 3955 ἡγεμόνα
646 3871 693 3931 δύο
717 3869 812 3930 ἀλλων
831 3871 1042 3949 ἰμνημύνευσεν,
1059 3868 1145 3952 Ἥρας
1166 3870 1213 3927 καί

122 4062 169 4114 ΝΟ
186 4061 199 4115 1
215 4059 447 4131 ίπιχειρήσουσιΜ
511 4067 546 4127 τῷ
558 4052 664 4125 τοιούτῳ
677 4068 732 4109 om.
749 4056 778 4106 Μ
842 4055 926 4108 δτύτε
941 4055 969 4106 Μ
984 4055 1054 4107 plat.
1118 4051 1214 4106 ίῶσεε

91 4134 204 4200 scripsi:
220 4131 306 4199 ῶσπερ
318 4131 380 4183 libri
442 4131 544 4183 6τοῦτο
558 4131 624 4182 ἰσείν
638 4132 664 4180 Α
726 4127 756 4179 ll
771 4127 865 4196 εύριῖισι
878 4128 907 4178 M
971 4126 1000 4177 17
1012 4125 1213 4187 καί,ιιι·ιιί)ι·.Α

151 4202 256 4270 τούτων]
277 4208 365 4257 τοῦτον
386 4203 454 4255 Plet.
473 4201 554 4254 eodd.
575 4199 624 4251 ΒΤ
643 4195 747 4264 (τούτων
766 4198 870 4262 apogr.)
934 4198 965 4250 18
981 4196 1076 4262 αύτοίς]
1092 4197 1168 4262 αὐτῆς
1184 4197 1213 4247 Μ

153 4276 184 4328 19
199 4276 258 4342 κᾶν]
274 4277 322 4328 αοίν
335 4274 404 4327 Ρίοι.
417 4273 497 4326 eodd.
516 4273 564 4324 BT
577 4271 624 4341 χᾶν
642 4271 761 4323 Μιονισ
774 4269 858 4334 (quod
872 4270 972 4336 legisse
983 4274 1011 4321 ει
1026 4267 1152 4320 Hermiae
1169 4270 1214 4320 vi·

91 4350 171 4401 detur
191 4361 207 4400 e
227 4346 415 4412 sequentibus)
480 4341 605 4413 ἀρύτωσιν
626 4342 694 4395 ΡΙιιι.
758 4340 788 4393 21
810 4338 854 4406 ὡς]
874 4338 959 4409 ὥσπερ
986 4338 1056 4391 Ρίαι.
1119 4339 1150 4391 23
1171 4343 1214 4392 οιαὶ

91 4419 340 4485 υάιίίᾱίρεοεοιιοιο
352 4421 439 4468 Αετιο
502 4419 612 4481 γίνονται
624 4427 675 4479 ego
687 4412 790 4465 seclusi
798 4417 941 4477 praeeunte
953 4414 1052 4471 Aeno,
1066 4411 1114 4476 qui
1130 4411 1214 4463 etiam

92 4504 212 4556 sequens
224 4493 267 4543 καὶ
280 4489 391 4542 volebat
404 4487 562 4553 expellere:
576 4490 684 4553 γίνοντες
693 4485 722 4535 Μ
786 4484 818 4535 25
835 4483 901 4545 ὅσοι,
915 4483 928 4535 ὅ
940 4482 1015 4534 rubr.
1031 4486 1054 4534 Α
1120 4481 1214 4551 Ἥρας]

92 4566 187 4632 ἡμέρας
200 4561 272 4615 Plan.
282 4561 362 4614 codd.
374 4560 423 4611 ΒΤ
435 4559 508 4628 (ἤρας
522 4558 627 4624 apogr.)
689 4555 721 4608 26
736 4564 772 4624 τῷ
787 4560 851 4608 ante
865 4562 908 4619 τῆς
920 4567 974 4607 om.
988 4554 1016 4605 Μ
1082 4554 1214 4607 δπαδυίΜ

155 4633 184 4684 27
200 4636 301 4699 ζητοῦσι
316 4631 386 4685 Plet.
450 4630 482 4682 δί)
498 4629 532 4693 σί,
548 4649 562 4683 υ
577 4628 652 4681 rubr.
667 4631 690 4678 Α
