3120 5506
325 490 370 541 116
575 527 579 539 s
698 481 838 532 ΕΡΜΕΙΟΥ
859 483 1055 532 ΦΙΛΟΣΟΦΟΥ

228 649 293 716 [121]
326 637 438 721 όάλλειν
453 643 497 698 καί
515 640 574 698 κατ’
592 639 736 698 ἀλλοίωσιν
753 642 799 697 καὶ
820 648 880 697 πᾶν
891 641 989 705 ἁπλῶς
1006 639 1079 706 εἶδος
1099 644 1241 714 κινήσεως·
1262 643 1330 700 ὥστε
1348 644 1408 701 οόκ·
1419 644 1448 700 ἀν
1477 662 1482 723 γ

325 743 424 819 γενητὴ
444 738 490 811 είή
513 741 550 804 ὡς
568 739 685 811 κίνησις,
706 738 768 797 ἀλλ’
783 740 806 796 εἶ
825 737 875 819 ἀρα
895 741 933 803 ὡς
955 740 1031 797 οόσία
1048 741 1065 811 ἢ
1085 746 1146 805 νοῦς
1165 742 1267 819 γίνεται
1283 742 1337 798 ἀπό
1357 749 1448 799 τετοῦ

325 837 402 904 όντος
415 841 519 896 καὶτοῦ
532 844 590 914 νοῦ,
605 839 643 902 ὡς
658 839 750 913 μέντοι
764 838 865 910 κίνησις
880 837 911 894 οὗ
923 837 1036 916 γίνεται·
1051 838 1117 910 αὕτη
1134 839 1185 919 γάρ
1201 840 1272 920 ἀρχό
1287 840 1343 896 ἐστι
1358 847 1448 898 πασῶν

324 944 378 994 τῶν
392 940 536 1009 κινήσεων·
555 938 578 993 εἰ
594 937 645 1015 γάρ
660 937 704 993 καί
723 937 756 993 τοὶ
775 931 854 992 ένυλα
869 934 931 1007 εἷ’δη
944 935 1060 1014 ἀγένητά
1074 935 1155 1008 ἐστιν,
1173 940 1231 994 οἷον
1245 937 1276 993 τό
1291 938 1446 1017 ἀνθρώπου,

278 1043 292 1091 5
324 1036 354 1093 τὸ
370 1035 466 1106 ίππου,
486 1036 516 1092 τὸ
539 1033 611 1107 ίσου,
630 1036 661 1091 τὸ
677 1037 819 1107 κινήσεως,
840 1033 936 1108 πολλῷ
951 1032 1035 1091 πλέον
1049 1035 1079 1091 τό
1096 1035 1242 1092 αἴτιοντοῦ
1261 1034 1363 1113 είδους,
1380 1038 1448 1095 ὥστε

325 1135 382 1192 ἐπεὶ
395 1135 440 1190 καὶ
455 1135 484 1190 τὸ
497 1132 568 1198 εἶδος
583 1141 631 1204 τῆς
645 1135 780 1204 κινήσεως
799 1131 929 1211 ἀγένητόν
947 1132 1011 1205 ἐστι,
1028 1131 1128 1209 πολλῷ
1142 1132 1223 1191 πλέον
1238 1134 1301 1190 αὐτὸ
1316 1134 1348 1191 τὸ
1363 1133 1449 1192 αἴτιον

324 1242 374 1305 τῆς
391 1234 533 1304 κινησεως·
550 1228 605 1288 έστι
624 1230 652 1288 δέ
668 1237 747 1289 τοῦτο
764 1232 795 1287 τὸ
814 1231 1000 1307 αὐτοκίνητον.
1024 1231 1118 1296 Καλῶς
1139 1230 1168 1288 δὲ
1185 1235 1279 1311 πηγὴν
1297 1236 1343 1291 καί
1362 1235 1449 1315 ἀρχὴν

227 1361 252 1410 p,
263 1346 310 1397 122
328 1331 411 1402 αότήν
423 1329 587 1411 πρόσΙεῑπεν·
602 1326 718 1410 ἔστιγὰρ
732 1327 800 1386 ίδιυν
811 1338 904 1408 πηγῆς
918 1330 967 1404 μέν
981 1330 1011 1386 τὸ
1025 1332 1083 1386 οἷον
1100 1329 1274 1406 μεταδιδόναι
1285 1338 1340 1389 τῶν
1356 1334 1449 1403 ἑαυτῆς

325 1430 466 1510 αότοφυὼς
481 1436 538 1493 τοῖς
554 1427 645 1494 ἄλλοις
660 1430 758 1499 ἑαυτῆς
775 1426 860 1503 οὖσιν,
879 1429 967 1509 ἀρχῆς
981 1427 1009 1485 δέ
1022 1430 1053 1485 τὸ
1067 1432 1124 1487 οἷον
1139 1429 1282 1510 ἐφεστάναι
1295 1432 1341 1487 καί
1357 1429 1450 1488 δεσπό-

262 1533 293 1584 10
326 1532 381 1596 ζειν
399 1535 453 1586 τῶν
476 1527 518 1609 ὑφ’
537 1530 645 1598 έαυτιζν.
666 1526 738 1583 Ἔστι
759 1528 810 1606 γὰρ
832 1527 902 1606 ἀρχὴ
927 1528 975 1601 μέν
997 1527 1036 1592 ὡς
1061 1529 1256 1606 συντεταγμένη
1282 1530 1389 1594 τούτοις
1412 1532 1449 1587 ὧν
1495 1552 1498 1576 ·

326 1627 395 1684 ἐστιν
408 1627 493 1707 ἀρχὴ,
509 1628 584 1703 πηγὴ
597 1624 626 1682 δὲ
641 1626 680 1690 ὡς
693 1621 847 1704 ἐξῃρημένη
861 1626 905 1681 καί
918 1625 944 1681 ἐν
957 1631 996 1699 νῷ
1009 1625 1085 1682 οὖσα·
1100 1629 1167 1705 ἅπερ
1180 1627 1320 1707 ἀμφότερα
1333 1628 1450 1710 ὑπάρχει

324 1731 358 1802 τῇ
374 1729 461 1806 ψυχῇ.
479 1723 582 1796 Ῥόδιον
602 1725 651 1798 μέν
670 1722 717 1780 οὖν
736 1725 770 1793 ἦν
792 1722 900 1780 είπόντα
919 1724 950 1780 τὸ
970 1723 1078 1781 σόνυλον
1095 1731 1184 1780 τοῦτο·
1203 1751 1217 1779 ιι
1234 1728 1251 1796 ἡ
1269 1724 1298 1781 δὲ
1312 1725 1385 1808 ἀρχὴ
1401 1736 1449 1797 τῆς

324 1825 456 1895 κινήσεως
468 1821 607 1901 ἀγένητος,
625 1846 638 1876 ν
656 1819 831 1901 ἀπηλλάχθαι
844 1823 1026 1900 πραγμάτων·
1042 1826 1060 1893 ἡ
1073 1823 1124 1902 γὰρ
1135 1822 1236 1901 γένεσις
1248 1824 1354 1896 κίνησίς
1366 1824 1448 1900 ἐστιν,

326 1920 391 1993 ἡδὶ
411 1922 482 2008 ἀρχὴ
503 1928 553 1992 τῆς
572 1923 707 1992 κινήσεως
728 1920 776 1977 οὐκ
796 1919 827 1976 ἀν
848 1918 1006 2000 ἀλλαχόθεν
1025 1926 1138 1993 κινοῖτο,
1159 1920 1205 1977 ίνα
1224 1924 1263 1996 μὴ
1283 1921 1325 1979 ἐπ’
1344 1920 1449 2002 ἄπειρον

264 2034 294 2082 15
326 2018 484 2100 δράμωμεν·
506 2020 575 2077 ὥστε
595 2017 655 2076 οὐδὲ
673 2020 788 2098 γίνεται.
810 2017 884 2076 Ἐνὸν
903 2019 950 2075 οὖν
970 2020 1056 2083 οθτως
1076 2020 1215 2094 συντόμως
1237 2022 1346 2078 εἰπόντα
1364 2021 1449 2094 ἀπηλ-

327 2118 439 2199 λάχθαι,
461 2117 514 2198 οὐχ
537 2116 637 2190 είλετο,
659 2115 733 2175 ἀλλά
755 2116 849 2182 ἁπλῶς
873 2119 966 2179 εἶπεν·
980 2142 995 2172 ιι
1011 2119 1098 2199 ἀρχὴ
1121 2117 1153 2175 δέ
1175 2119 1350 2197 ἀγένητον,
1370 2145 1384 2174 ιι
1408 2113 1450 2176 ἐπὶ

221 2229 312 2278 Μθν·
328 2215 408 2273 πλέον
427 2219 508 2290 ἡμῶν
526 2216 530 2294 ψ
549 2215 670 2273 έκτείνων
689 2217 739 2286 τήν
758 2214 888 2294 θεωρίαν.
909 2216 943 2272 Τὸ
964 2215 1009 2273 οὖν
1029 2216 1161 2294 ἀγένητον
1182 2226 1232 2288 τῆς
1253 2218 1343 2298 ἀρχῆς
1364 2219 1449 2282 οὕτως

328 2315 510 2389 ἀκουσόμεθα·
523 2317 540 2385 ἡ
552 2315 624 2395 ἀρχὴ
636 2312 713 2371 οὐδέν
725 2313 825 2392 γίνεται
836 2314 939 2370 τούτων
949 2316 988 2370 ὤν
998 2313 1068 2371 ἐστιν
1078 2315 1162 2395 ἀρχή·
1180 2318 1238 2372 οἷον
1253 2318 1268 2372 ὁ
1283 2316 1366 2387 ἥλιος
1379 2318 1449 2398 ἀρχό,

329 2413 385 2470 ἐστι
395 2413 496 2493 φωτός·
510 2412 584 2477 αὐτὸς
595 2411 642 2469 οὖν
653 2413 684 2468 οὐ
695 2411 840 2493 φωτίζεται
850 2411 1017 2491 ἀλλαχόθεν·
1030 2413 1075 2468 καὶ
1086 2415 1101 2468 ό
1113 2418 1175 2478 νοῦς
1186 2419 1233 2470 τοῦ
1246 2420 1316 2471 νοεῖν
1331 2415 1403 2496 ἀρχὴ
1414 2413 1451 2471 ὢν

266 2523 297 2574 20
327 2510 374 2567 καί
390 2510 515 2575 αὖτὸςών
526 2511 629 2590 νοερὸς,
647 2511 696 2567 οόκ
713 2508 869 2591 ἀλλαχόθεν
881 2505 938 2590 ’έχει
952 2511 981 2566 τὸ
996 2517 1068 2568 νοεῖν
1082 2512 1176 2591 νοερδς
1190 2513 1346 2590 γινόμενος·
1363 2514 1407 2569 καί
1422 2514 1451 2569 τὸ

329 2609 359 2666 δν
375 2607 404 2666 δέ
417 2615 465 2667 τοῦ
480 2610 548 2666 είναι
561 2609 594 2665 τὰ
609 2606 679 2665 ἀλλα
694 2605 794 2683 αίτιον,
808 2608 871 2664 αὐτὸ
887 2609 917 2664 τὸ
932 2606 987 2690 [δν]
1000 2610 1066 2666 εἶναι
1081 2608 1230 2690 ἀλλαχόθεν
1245 2610 1295 2667 οθκ
1309 2609 1386 2692 ἔχον.
1403 2612 1451 2668 Καὶ

329 2710 434 2789 ἡψυχὴ
448 2707 539 2765 τοίνυν
553 2706 623 2763 αίτία
637 2708 685 2782 μὲν
696 2712 744 2764 τοῦ
758 2710 908 2787 ψυχοῦσθαι
922 2708 955 2764 τά
970 2706 1036 2764 ἄλλα
1049 2710 1095 2764 καί
1108 2711 1168 2780 ζῆν,
1178 2708 1209 2766 οθ
1224 2709 1315 2784 μέντοι
1324 2709 1393 2781 αὐτὴ
1405 2708 1452 2766 ἀλ-

331 2803 509 2886 λαχόθενζῂ·
531 2807 664 2862 ὥστεκαὶ
683 2805 707 2862 εί
725 2805 818 2885 πρώτη
840 2805 894 2862 ἐστὶ
913 2807 1031 2877 κίνησις,
1053 2806 1124 2863 αἰτία
1145 2808 1194 2881 μὲν
1209 2812 1258 2864 τοά
1276 2812 1410 2865 κινεῖσθαι
1422 2809 1453 2864 τά

331 2903 398 2961 ἀλλα
413 2900 498 2980 ἔσται,
513 2904 543 2961 οὐ
558 2905 649 2978 μέντοι
661 2904 727 2975 αὕτη
744 2902 895 2985 ἀλλαχόθεν
909 2911 1032 2964 κινεῖται.
1049 2903 1132 2962 Ὥστε
1143 2905 1216 2986 ἀρχὴ
1229 2913 1301 2962 πᾶσα
1316 2906 1450 2985 ἀγένητος.

269 3014 299 3064 25
330 3003 359 3059 Τί
378 3003 436 3075 οὖν,
458 3003 503 3059 ὲάν
522 3025 559 3066 τις
580 3001 664 3059 είποι·
688 3003 750 3059 «οὐ
769 3003 855 3059 πάντα
875 3002 908 3059 τά
926 3003 1073 3083 πράγματα
1092 3004 1144 3060 ἀπὸ
1166 3012 1216 3076 τῆς
1235 3005 1346 3083 πρώτης
1367 3004 1452 3068 αἰτίας

330 3101 360 3157 τὸ
375 3103 443 3159 εἶναι
457 3099 531 3182 ἔχει;
551 3126 565 3155 ν
583 3100 619 3157 ’Ἡ
633 3107 742 3180 πρῶτον
761 3102 809 3176 μέν
828 3103 842 3157 ὁ
862 3102 951 3183 ἀρχήν
970 3124 1028 3159 τινα
1045 3098 1203 3177 λαμόάνων,
1224 3102 1299 3160 οθδὶν
1319 3109 1373 3159 τῶν
1390 3104 1453 3181 ὑπὲρ

332 3200 416 3272 αὐτὴν
437 3200 543 3280 ὀφείλει
564 3206 674 3257 σκοπεῖν
697 3199 797 3279 ψοόκὲτι
818 3201 870 3280 γὰρ
892 3201 975 3272 αὐτὴν
997 3199 1106 3282 φυλάξει
1127 3201 1238 3282 ἀρχὴν),
1263 3201 1333 3259 ἀλλά
1354 3202 1395 3260 δεῖ
1418 3203 1454 3264 ὡς

332 3299 420 3378 ἀρχὴν
441 3294 558 3355 λαθόντα
577 3298 660 3368 αὐτόν
683 3300 774 3355 τεκαὶ
793 3299 826 3354 τά
844 3298 901 3372 μετ’
918 3297 1002 3370 αότήν
1022 3305 1143 3356 σκοπεῖν·
1165 3296 1256 3356 ἔπειτα
1275 3298 1304 3356 δέ
1321 3302 1390 3380 πρὸς
1409 3301 1453 3356 τόν

333 3397 363 3454 έκ
380 3405 430 3468 τῆς
449 3397 559 3477 πρώτης
579 3396 668 3477 ἀρχῆς
687 3398 720 3453 τά
737 3396 825 3453 πάντα
846 3397 1002 3475 παράγοντα
1020 3399 1064 3453 καὶ
1082 3403 1163 3454 τοῦτο
1187 3397 1294 3475 ῥητέον,
1319 3399 1357 3463 ὡς
1380 3397 1452 3478 ἀρχὴ

331 3493 421 3575 ἕτερον
432 3495 531 3575 τρόπον
545 3494 598 3571 ἐστὶ
610 3500 732 3551 τοιοῦτον
748 3497 793 3552 οἷα
806 3496 839 3550 τά
853 3492 880 3560 ἐξ
895 3494 992 3566 αὐτῆς·
1009 3495 1072 3551 αὐτὸ
1083 3497 1134 3576 γὰρ
1148 3493 1208 3553 ἴσον
1221 3495 1251 3552 όν
1262 3493 1333 3552 ἄλλα
1345 3494 1454 3575 δεύτερα

334 3591 381 3650 ’ίσα
394 3600 485 3671 γεννᾷ,
504 3594 550 3650 καὶ
569 3596 586 3664 η
602 3593 705 3665 κίνησις
720 3596 738 3664 ἡ
754 3601 804 3665 τῆς
820 3597 911 3673 ψυχῆς
928 3592 998 3651 ἀλλα
1010 3593 1070 3665 είδη
1083 3596 1216 3666 κινήσεων
1231 3595 1378 3672 ἀπογεννᾷ·
1394 3597 1412 3665 η
1428 3592 1455 3650 δὲ

332 3692 426 3771 πρώτη
446 3690 520 3748 αἰτία
540 3691 588 3748 οὐκ
607 3689 675 3748 ἔστιν
693 3689 783 3770 ’ἕτερον
801 3691 901 3771 τρόπον
916 3698 1042 3750 τοιοῦτον
1059 3696 1104 3750 οἷα
1119 3693 1153 3750 τά
1171 3693 1199 3759 ἐξ
1213 3693 1308 3765 αὐτῆς·
1325 3693 1393 3773 ὑπὲρ
1405 3693 1454 3772 γάρ

363 3943 425 3994 TIT
446 3944 459 3993 1
479 3953 532 4001 πῶς
550 3942 650 4010 ἡψυχὴ
670 3941 774 4008 γεννητὴ
793 3941 827 4007 (ί)
846 3945 889 3993 καί
909 3945 1041 4007 ἀγέννητος
1061 3942 1081 3992 C
1145 3941 1176 3990 25
1197 3943 1218 3992 εἰ
1240 3941 1320 3992 πάντα
1343 3944 1394 3993 ἀπὸ
1415 3950 1456 4005 τῆς

332 4015 431 4083 πρώτης
446 4017 535 4082 ἀρχῆς,
551 4024 604 4072 πῶς
617 4034 639 4065 τι
655 4016 803 4080 ἀγέννητον;
820 4012 841 4062 Ο

365 4149 412 4199 ΝΟ
428 4149 472 4198 3-4
489 4155 576 4198 πασῶν
595 4155 644 4197 τῶν
663 4142 798 4209 κινήσεων]
817 4146 940 4208 κινήσεως
959 4156 1047 4197 πασῶν
1060 4146 1093 4206 Μ
1158 4147 1209 4197 rei
1224 4145 1283 4212 γὰρ]
1300 4147 1344 4197 καὶ
1359 4148 1409 4214 γάρ
1427 4145 1455 4196 Μ

395 4218 460 4284 εἴδη]
475 4216 523 4283 ἤδη
539 4218 567 4266 Μ
581 4217 646 4279 (jam
658 4222 814 4267 correxerat
830 4219 898 4278 Λευ)
962 4217 977 4265 7
993 4221 1035 4268 καὶ
1050 4231 1106 4268 om.
1122 4218 1150 4266 M
1214 4218 1230 4267 9
1246 4215 1319 4269 οὖσιν
1337 4217 1455 4282 scripsi:

333 4290 412 4343 οὖσαν
426 4288 633 4351 ΑΟῑοθσηςΜ
699 4286 890 4352 Ῑθόφ’]ἐφ’Μ
956 4285 984 4338 11
1000 4287 1119 4339 οὖσανῦ
1184 4289 1214 4338 12
1229 4285 1273 4339 οὖν
1288 4289 1392 4338 om.M

333 4363 364 4412 16
382 4366 500 4428 ἀγένητος
520 4361 548 4410 Μ
613 4359 643 4408 18
667 4358 835 4422 ἀκουσόμεθα
852 4357 886 4421 (ί)
951 4358 982 4409 19
1002 4358 1078 4424 νοεῖν]
1097 4363 1141 4411 νοῦ
1161 4360 1190 4409 Μ
1254 4359 1286 4409 20
1307 4358 1456 4427 ἀλλαχόθενψ

316 4428 436 4484 ’ἄλλοθεν
452 4433 478 4482 Μ
545 4433 597 4497 ἔχει
611 4443 666 4480 om.
682 4430 708 4478 Μ
774 4429 942 4494 γινόμενονῦ
1006 4430 1183 4481 21δ10111.Μ
1249 4431 1277 4480 θν
1293 4430 1395 4480 seclusi

332 4505 508 4556 23είοηι.[)
572 4500 728 4564 κινῆσθαιί)
792 4500 946 4573 θόαὺτῄὓ
1009 4502 1040 4551 26
1058 4505 1071 4552 ό
1090 4515 1144 4551 om.
1164 4502 1192 4551 M
1257 4500 1323 4566 τινα]
1339 4521 1406 4560 τινος
1428 4502 1456 4550 Μ

395 4576 426 4626 27
444 4575 730 4627 οὐκέτι-θθσκοπεῖν
746 4585 800 4623 om.
817 4572 845 4620 Μ
912 4569 1060 4624 3Ο311σον
1078 4571 1201 4624 εῑίσαΑ
1266 4573 1297 4621 30
1313 4573 1342 4623 θν
1356 4573 1458 4623 om.M

396 4646 425 4696 31
443 4633 608 4711 κινλίσεωςΜ
