<?xml version="1.0" encoding="UTF-8"?>
<!DOCTYPE html PUBLIC "-//W3C//DTD XHTML 1.0 Transitional//EN"
    "http://www.w3.org/TR/xhtml1/DTD/xhtml1-transitional.dtd">
<html xmlns="http://www.w3.org/1999/xhtml" xml:lang="en" lang="en">
 <head>
  <title>
</title>
<meta http-equiv="Content-Type" content="text/html;charset=utf-8" />
  <meta name='ocr-system' content='tesseract 3.04.00' />
  <meta name='ocr-capabilities' content='ocr_page ocr_carea ocr_par ocr_line ocrx_word'/>
</head>
<body>
  <div class='ocr_page' id='page_1' title='image "./hermiaealexandr00alexgoog_0200.png"; bbox 0 0 3120 5506; ppageno 0'>
   <div class='ocr_carea' id='block_1_1' title="bbox 362 493 1250 555">
    <p class='ocr_par' dir='ltr' id='par_1_1' title="bbox 362 493 1250 555">
     <span class='ocr_line' id='line_1_1' title="bbox 362 493 1250 555; baseline 0.005 -4"><span class='ocrx_word' id='word_1_1' title='bbox 362 493 417 551; x_wconf 74' lang='grc' dir='ltr'>ΕΙΣ</span> <span class='ocrx_word' id='word_1_2' title='bbox 437 495 499 546; x_wconf 77' lang='lat' dir='ltr'>TON</span> <span class='ocrx_word' id='word_1_3' title='bbox 521 494 697 547; x_wconf 73' lang='grc' dir='ltr'>ΠΛΑΤΩΝΟΣ</span> <span class='ocrx_word' id='word_1_4' title='bbox 720 495 862 547; x_wconf 61' lang='lat' dir='ltr'>mmor</span> <span class='ocrx_word' id='word_1_5' title='bbox 886 495 1008 547; x_wconf 67' lang='lat' dir='ltr'>xxorlr</span> <span class='ocrx_word' id='word_1_6' title='bbox 1205 505 1250 555; x_wconf 84' lang='grc'>139</span> 
     </span>
    </p>
   </div>
   <div class='ocr_carea' id='block_1_2' title="bbox 25 627 1308 2207">
    <p class='ocr_par' dir='ltr' id='par_1_2' title="bbox 25 627 1249 1024">
     <span class='ocr_line' id='line_1_2' title="bbox 25 627 1248 727; baseline 0.002 -24"><span class='ocrx_word' id='word_1_7' title='bbox 25 650 92 719; x_wconf 82' lang='lat'>[135]</span> <span class='ocrx_word' id='word_1_8' title='bbox 126 627 278 720; x_wconf 55' lang='lat' dir='ltr'>&amp;raom-&#39;fi</span> <span class='ocrx_word' id='word_1_9' title='bbox 297 646 342 713; x_wconf 75' lang='grc' dir='ltr'>ὡς’</span> <span class='ocrx_word' id='word_1_10' title='bbox 355 645 383 704; x_wconf 78' lang='grc' dir='ltr'>ἐν</span> <span class='ocrx_word' id='word_1_11' title='bbox 402 647 495 712; x_wconf 82' lang='grc' dir='ltr'>αὐτοῖς</span> <span class='ocrx_word' id='word_1_12' title='bbox 515 652 572 713; x_wconf 83' lang='grc' dir='ltr'>τοῖς</span> <span class='ocrx_word' id='word_1_13' title='bbox 590 648 779 727; x_wconf 66' lang='grc' dir='ltr'><strong>τεταγμένοις,</strong></span> <span class='ocrx_word' id='word_1_14' title='bbox 797 649 854 706; x_wconf 83' lang='grc' dir='ltr'>οἷον</span> <span class='ocrx_word' id='word_1_15' title='bbox 872 652 890 720; x_wconf 73' lang='grc' dir='ltr'><strong>ἡ</strong></span> <span class='ocrx_word' id='word_1_16' title='bbox 911 646 938 705; x_wconf 80' lang='grc' dir='ltr'>ἐν</span> <span class='ocrx_word' id='word_1_17' title='bbox 953 647 1044 714; x_wconf 81' lang='grc' dir='ltr'>αὐτοῖς</span> <span class='ocrx_word' id='word_1_18' title='bbox 1057 653 1114 712; x_wconf 84' lang='grc' dir='ltr'>τοῖς</span> <span class='ocrx_word' id='word_1_19' title='bbox 1132 644 1248 706; x_wconf 84' lang='grc' dir='ltr'>δώδεκα·</span> 
     </span>
     <span class='ocr_line' id='line_1_3' title="bbox 124 744 1247 826; baseline -0.002 -23"><span class='ocrx_word' id='word_1_20' title='bbox 124 749 142 817; x_wconf 79' lang='grc' dir='ltr'>ἡ</span> <span class='ocrx_word' id='word_1_21' title='bbox 157 745 234 826; x_wconf 91' lang='grc' dir='ltr'>τρίτη</span> <span class='ocrx_word' id='word_1_22' title='bbox 249 745 318 817; x_wconf 74' lang='grc' dir='ltr'>ῶςή</span> <span class='ocrx_word' id='word_1_23' title='bbox 334 745 361 803; x_wconf 80' lang='grc' dir='ltr'>ἐν</span> <span class='ocrx_word' id='word_1_24' title='bbox 377 745 529 822; x_wconf 75' lang='grc' dir='ltr'>μεταδόσει,</span> <span class='ocrx_word' id='word_1_25' title='bbox 547 749 636 817; x_wconf 80' lang='grc' dir='ltr'>οίονὴ</span> <span class='ocrx_word' id='word_1_26' title='bbox 653 744 698 802; x_wconf 88' lang='grc' dir='ltr'>ἀπ’</span> <span class='ocrx_word' id='word_1_27' title='bbox 714 746 802 803; x_wconf 68' lang='grc' dir='ltr'>αὐτῶν</span> <span class='ocrx_word' id='word_1_28' title='bbox 816 751 870 804; x_wconf 92' lang='grc' dir='ltr'>τῶν</span> <span class='ocrx_word' id='word_1_29' title='bbox 884 744 991 804; x_wconf 81' lang='grc' dir='ltr'>δώδεκα</span> <span class='ocrx_word' id='word_1_30' title='bbox 1006 746 1106 813; x_wconf 82' lang='grc' dir='ltr'>καὶέίς</span> <span class='ocrx_word' id='word_1_31' title='bbox 1120 747 1155 803; x_wconf 78' lang='grc' dir='ltr'>τδι</span> <span class='ocrx_word' id='word_1_32' title='bbox 1165 767 1247 802; x_wconf 86' lang='grc' dir='ltr'>κατα-</span> 
     </span>
     <span class='ocr_line' id='line_1_4' title="bbox 124 841 1248 924; baseline 0 -24"><span class='ocrx_word' id='word_1_33' title='bbox 124 841 248 924; x_wconf 79' lang='grc' dir='ltr'>δεέστερα</span> <span class='ocrx_word' id='word_1_34' title='bbox 265 842 422 920; x_wconf 74' lang='grc' dir='ltr'>ἐνδιδομένη</span> <span class='ocrx_word' id='word_1_35' title='bbox 442 846 487 902; x_wconf 84' lang='grc' dir='ltr'>καί</span> <span class='ocrx_word' id='word_1_36' title='bbox 507 846 544 911; x_wconf 88' lang='grc' dir='ltr'>είς</span> <span class='ocrx_word' id='word_1_37' title='bbox 565 844 628 903; x_wconf 87' lang='grc' dir='ltr'>όλον</span> <span class='ocrx_word' id='word_1_38' title='bbox 646 845 692 902; x_wconf 84' lang='grc' dir='ltr'>τόν</span> <span class='ocrx_word' id='word_1_39' title='bbox 709 845 825 921; x_wconf 84' lang='grc' dir='ltr'>κόσμον.</span> <span class='ocrx_word' id='word_1_40' title='bbox 846 846 920 908; x_wconf 71' lang='grc' dir='ltr'>Τινὲς</span> <span class='ocrx_word' id='word_1_41' title='bbox 945 843 974 902; x_wconf 72' lang='grc' dir='ltr'>δὲ</span> <span class='ocrx_word' id='word_1_42' title='bbox 993 845 1037 902; x_wconf 86' lang='grc' dir='ltr'>καί</span> <span class='ocrx_word' id='word_1_43' title='bbox 1058 845 1248 923; x_wconf 79' lang='grc' dir='ltr'>ἀριθμητικῶς</span> 
     </span>
     <span class='ocr_line' id='line_1_5' title="bbox 126 940 1249 1024; baseline 0.001 -26"><span class='ocrx_word' id='word_1_44' title='bbox 126 941 229 1017; x_wconf 75' lang='grc' dir='ltr'>ἑκάστῳ</span> <span class='ocrx_word' id='word_1_45' title='bbox 248 947 302 1001; x_wconf 87' lang='grc' dir='ltr'>τῶν</span> <span class='ocrx_word' id='word_1_46' title='bbox 321 942 348 999; x_wconf 81' lang='grc' dir='ltr'>ἐν</span> <span class='ocrx_word' id='word_1_47' title='bbox 366 948 404 1022; x_wconf 82' lang='grc' dir='ltr'>τῷ</span> <span class='ocrx_word' id='word_1_48' title='bbox 423 940 525 1018; x_wconf 78' lang='grc' dir='ltr'>δεκάτῳ</span> <span class='ocrx_word' id='word_1_49' title='bbox 545 945 704 1024; x_wconf 64' lang='grc' dir='ltr'>ἐφηρμοσοιν</span> <span class='ocrx_word' id='word_1_50' title='bbox 727 944 790 1009; x_wconf 72' lang='grc' dir='ltr'>τοὺς</span> <span class='ocrx_word' id='word_1_51' title='bbox 810 943 838 1001; x_wconf 82' lang='grc' dir='ltr'>ἐν</span> <span class='ocrx_word' id='word_1_52' title='bbox 862 948 896 1020; x_wconf 77' lang='grc' dir='ltr'>τῇ</span> <span class='ocrx_word' id='word_1_53' title='bbox 916 942 1004 1001; x_wconf 79' lang='grc' dir='ltr'>δεκάδι</span> <span class='ocrx_word' id='word_1_54' title='bbox 1025 943 1168 1024; x_wconf 71' lang='grc' dir='ltr'>ἀριθμοὺς,</span> <span class='ocrx_word' id='word_1_55' title='bbox 1190 940 1249 1010; x_wconf 78' lang='grc' dir='ltr'>ἐξε-</span> 
     </span>
    </p>

    <p class='ocr_par' dir='ltr' id='par_1_3' title="bbox 79 1039 1308 1517">
     <span class='ocr_line' id='line_1_6' title="bbox 79 1039 1246 1121; baseline 0.002 -24"><span class='ocrx_word' id='word_1_56' title='bbox 79 1048 94 1097; x_wconf 89' lang='grc'>5</span> <span class='ocrx_word' id='word_1_57' title='bbox 127 1040 221 1105; x_wconf 87' lang='grc' dir='ltr'>λόντες</span> <span class='ocrx_word' id='word_1_58' title='bbox 243 1040 291 1106; x_wconf 88' lang='grc' dir='ltr'>τάς</span> <span class='ocrx_word' id='word_1_59' title='bbox 313 1040 360 1098; x_wconf 88' lang='grc' dir='ltr'>δόο</span> <span class='ocrx_word' id='word_1_60' title='bbox 383 1040 514 1117; x_wconf 86' lang='grc' dir='ltr'>μοναδας,</span> <span class='ocrx_word' id='word_1_61' title='bbox 538 1044 589 1114; x_wconf 73' lang='grc' dir='ltr'>τήν</span> <span class='ocrx_word' id='word_1_62' title='bbox 611 1063 642 1100; x_wconf 88' lang='grc' dir='ltr'>τε</span> <span class='ocrx_word' id='word_1_63' title='bbox 664 1043 796 1121; x_wconf 76' lang='grc' dir='ltr'>τετάρτην</span> <span class='ocrx_word' id='word_1_64' title='bbox 820 1043 895 1099; x_wconf 82' lang='grc' dir='ltr'>Δὶίαν</span> <span class='ocrx_word' id='word_1_65' title='bbox 916 1044 961 1098; x_wconf 89' lang='grc' dir='ltr'>καί</span> <span class='ocrx_word' id='word_1_66' title='bbox 984 1043 1034 1113; x_wconf 74' lang='grc' dir='ltr'>τὴν</span> <span class='ocrx_word' id='word_1_67' title='bbox 1056 1051 1107 1121; x_wconf 80' lang='grc' dir='ltr'>τῆς</span> <span class='ocrx_word' id='word_1_68' title='bbox 1131 1039 1246 1117; x_wconf 81' lang='grc' dir='ltr'>Ἑστίας,</span> 
     </span>
     <span class='ocr_line' id='line_1_7' title="bbox 128 1136 1249 1221; baseline -0.001 -24"><span class='ocrx_word' id='word_1_69' title='bbox 128 1136 231 1215; x_wconf 81' lang='grc' dir='ltr'>μονάδα</span> <span class='ocrx_word' id='word_1_70' title='bbox 253 1140 303 1215; x_wconf 73' lang='grc' dir='ltr'>μὲν</span> <span class='ocrx_word' id='word_1_71' title='bbox 322 1139 477 1198; x_wconf 84' lang='grc' dir='ltr'>Ἀπόλλωνι</span> <span class='ocrx_word' id='word_1_72' title='bbox 499 1137 604 1213; x_wconf 84' lang='grc' dir='ltr'>δόντες,</span> <span class='ocrx_word' id='word_1_73' title='bbox 627 1139 709 1199; x_wconf 81' lang='grc' dir='ltr'>δυάδα</span> <span class='ocrx_word' id='word_1_74' title='bbox 734 1137 817 1221; x_wconf 78' lang='grc' dir='ltr'>Ἥρᾳ,</span> <span class='ocrx_word' id='word_1_75' title='bbox 840 1139 933 1220; x_wconf 82' lang='grc' dir='ltr'>τριάδα</span> <span class='ocrx_word' id='word_1_76' title='bbox 956 1138 1104 1197; x_wconf 85' lang='grc' dir='ltr'>Ποσειδῶνι</span> <span class='ocrx_word' id='word_1_77' title='bbox 1129 1138 1181 1219; x_wconf 83' lang='grc' dir='ltr'>(διό</span> <span class='ocrx_word' id='word_1_78' title='bbox 1204 1141 1249 1196; x_wconf 79' lang='grc' dir='ltr'>καὶ</span> 
     </span>
     <span class='ocr_line' id='line_1_8' title="bbox 125 1233 1250 1320; baseline 0.001 -25"><span class='ocrx_word' id='word_1_79' title='bbox 125 1237 320 1319; x_wconf 78' lang='grc' dir='ltr'>τριαινοδχος),</span> <span class='ocrx_word' id='word_1_80' title='bbox 342 1238 470 1318; x_wconf 70' lang='grc' dir='ltr'>τέταρτον</span> <span class='ocrx_word' id='word_1_81' title='bbox 489 1238 588 1318; x_wconf 76' lang='grc' dir='ltr'>Ἐρμῇ,</span> <span class='ocrx_word' id='word_1_82' title='bbox 611 1239 735 1315; x_wconf 79' lang='grc' dir='ltr'>πέμπτον</span> <span class='ocrx_word' id='word_1_83' title='bbox 752 1240 833 1320; x_wconf 70' lang='grc' dir='ltr'>Ἄρῃ,</span> <span class='ocrx_word' id='word_1_84' title='bbox 855 1237 933 1296; x_wconf 73' lang='grc' dir='ltr'>ἐ’κτον</span> <span class='ocrx_word' id='word_1_85' title='bbox 954 1236 1110 1319; x_wconf 68' lang='grc' dir='ltr'>’Δρροδίτῃ</span> <span class='ocrx_word' id='word_1_86' title='bbox 1131 1233 1250 1314; x_wconf 73' lang='grc' dir='ltr'>ἓόδομον</span> 
     </span>
     <span class='ocr_line' id='line_1_9' title="bbox 126 1334 1248 1419; baseline 0.003 -26"><span class='ocrx_word' id='word_1_87' title='bbox 126 1336 236 1410; x_wconf 77' lang='grc' dir='ltr'>Ἀθηνᾷ,</span> <span class='ocrx_word' id='word_1_88' title='bbox 260 1334 357 1416; x_wconf 80' lang='grc' dir='ltr'>ὄγδοον</span> <span class='ocrx_word' id='word_1_89' title='bbox 378 1340 514 1418; x_wconf 75' lang='grc' dir='ltr'>Δήμητρι,</span> <span class='ocrx_word' id='word_1_90' title='bbox 535 1334 629 1395; x_wconf 79' lang='grc' dir='ltr'>ἔνατον</span> <span class='ocrx_word' id='word_1_91' title='bbox 645 1336 792 1418; x_wconf 77' lang='grc' dir='ltr'>Ἀρτέμιδι,</span> <span class='ocrx_word' id='word_1_92' title='bbox 813 1336 923 1395; x_wconf 78' lang='grc' dir='ltr'>δέκατον</span> <span class='ocrx_word' id='word_1_93' title='bbox 941 1337 1091 1419; x_wconf 69' lang='grc' dir='ltr'>Ἡφαίστῳ.</span> <span class='ocrx_word' id='word_1_94' title='bbox 1109 1339 1146 1394; x_wconf 86' lang='grc' dir='ltr'>Οό</span> <span class='ocrx_word' id='word_1_95' title='bbox 1164 1337 1203 1397; x_wconf 85' lang='grc' dir='ltr'>δεῖ</span> <span class='ocrx_word' id='word_1_96' title='bbox 1220 1336 1248 1396; x_wconf 64' lang='grc' dir='ltr'>δὲ</span> 
     </span>
     <span class='ocr_line' id='line_1_10' title="bbox 126 1434 1308 1517; baseline 0.001 -25"><span class='ocrx_word' id='word_1_97' title='bbox 126 1436 313 1516; x_wconf 81' lang='grc' dir='ltr'>ἀριθμητικῶς</span> <span class='ocrx_word' id='word_1_98' title='bbox 329 1436 415 1501; x_wconf 82' lang='grc' dir='ltr'>οίίτως</span> <span class='ocrx_word' id='word_1_99' title='bbox 429 1434 525 1500; x_wconf 80' lang='grc' dir='ltr'>ἁπλῶς</span> <span class='ocrx_word' id='word_1_100' title='bbox 540 1436 658 1509; x_wconf 83' lang='grc' dir='ltr'>ἀκοόειν,</span> <span class='ocrx_word' id='word_1_101' title='bbox 674 1435 739 1495; x_wconf 88' lang='grc' dir='ltr'>ἀλλ’</span> <span class='ocrx_word' id='word_1_102' title='bbox 754 1436 795 1493; x_wconf 85' lang='grc' dir='ltr'>ότι</span> <span class='ocrx_word' id='word_1_103' title='bbox 812 1435 927 1502; x_wconf 73' lang='grc' dir='ltr'>ἕκαστος</span> <span class='ocrx_word' id='word_1_104' title='bbox 945 1434 1110 1516; x_wconf 86' lang='grc' dir='ltr'>δημιουργεῖ</span> <span class='ocrx_word' id='word_1_105' title='bbox 1123 1438 1168 1494; x_wconf 84' lang='grc' dir='ltr'>καί</span> <span class='ocrx_word' id='word_1_106' title='bbox 1182 1438 1258 1517; x_wconf 64' lang='grc' dir='ltr'>προ-’</span> <span class='ocrx_word' id='word_1_107' title='bbox 1305 1510 1308 1513; x_wconf 16' lang='lat' dir='ltr'>v</span> 
     </span>
    </p>

    <p class='ocr_par' dir='ltr' id='par_1_4' title="bbox 62 1532 1305 2011">
     <span class='ocr_line' id='line_1_11' title="bbox 62 1532 1305 1615; baseline 0.001 -25"><span class='ocrx_word' id='word_1_108' title='bbox 62 1537 95 1590; x_wconf 90' lang='grc'>10</span> <span class='ocrx_word' id='word_1_109' title='bbox 127 1541 183 1592; x_wconf 82' lang='grc' dir='ltr'>νοεῖ</span> <span class='ocrx_word' id='word_1_110' title='bbox 198 1535 266 1591; x_wconf 87' lang='grc' dir='ltr'>κατά</span> <span class='ocrx_word' id='word_1_111' title='bbox 285 1537 335 1606; x_wconf 79' lang='grc' dir='ltr'>τήν</span> <span class='ocrx_word' id='word_1_112' title='bbox 355 1536 449 1593; x_wconf 74' lang='grc' dir='ltr'>ἑαυτοῦ</span> <span class='ocrx_word' id='word_1_113' title='bbox 468 1534 599 1611; x_wconf 77' lang='grc' dir='ltr'>ἰδιότητα,</span> <span class='ocrx_word' id='word_1_114' title='bbox 620 1536 635 1592; x_wconf 88' lang='grc' dir='ltr'>δ</span> <span class='ocrx_word' id='word_1_115' title='bbox 656 1536 706 1611; x_wconf 77' lang='grc' dir='ltr'>μὶν</span> <span class='ocrx_word' id='word_1_116' title='bbox 725 1535 852 1615; x_wconf 80' lang='grc' dir='ltr'>ἀρεϊκῶς,</span> <span class='ocrx_word' id='word_1_117' title='bbox 873 1536 888 1592; x_wconf 87' lang='grc' dir='ltr'>ό</span> <span class='ocrx_word' id='word_1_118' title='bbox 907 1533 936 1591; x_wconf 77' lang='grc' dir='ltr'>δὲ</span> <span class='ocrx_word' id='word_1_119' title='bbox 953 1532 1184 1605; x_wconf 81' lang='grc' dir='ltr'>ἀπολλωνιακῶς,</span> <span class='ocrx_word' id='word_1_120' title='bbox 1204 1537 1249 1591; x_wconf 82' lang='grc' dir='ltr'>καί</span> <span class='ocrx_word' id='word_1_121' title='bbox 1304 1546 1305 1551; x_wconf 78' lang='grc'>’</span> 
     </span>
     <span class='ocr_line' id='line_1_12' title="bbox 127 1631 1248 1711; baseline 0 -22"><span class='ocrx_word' id='word_1_122' title='bbox 127 1631 220 1698; x_wconf 78' lang='grc' dir='ltr'>ἄλλως</span> <span class='ocrx_word' id='word_1_123' title='bbox 241 1632 333 1698; x_wconf 86' lang='grc' dir='ltr'>ἀλλος.</span> <span class='ocrx_word' id='word_1_124' title='bbox 352 1633 397 1699; x_wconf 90' lang='grc' dir='ltr'>Τίς</span> <span class='ocrx_word' id='word_1_125' title='bbox 415 1631 444 1691; x_wconf 76' lang='grc' dir='ltr'>δὲ</span> <span class='ocrx_word' id='word_1_126' title='bbox 462 1638 480 1704; x_wconf 75' lang='grc' dir='ltr'>ἡ</span> <span class='ocrx_word' id='word_1_127' title='bbox 496 1633 608 1692; x_wconf 71' lang='grc' dir='ltr'>ἑκάστου</span> <span class='ocrx_word' id='word_1_128' title='bbox 624 1632 737 1707; x_wconf 78' lang='grc' dir='ltr'>ἰδιότης,</span> <span class='ocrx_word' id='word_1_129' title='bbox 754 1634 784 1691; x_wconf 82' lang='grc' dir='ltr'>ἐκ</span> <span class='ocrx_word' id='word_1_130' title='bbox 796 1643 846 1705; x_wconf 82' lang='grc' dir='ltr'>τῆς</span> <span class='ocrx_word' id='word_1_131' title='bbox 860 1631 1009 1711; x_wconf 59' lang='grc' dir='ltr'>θεολογίας</span> <span class='ocrx_word' id='word_1_132' title='bbox 1023 1633 1153 1707; x_wconf 81' lang='grc' dir='ltr'>ληπτέον.</span> <span class='ocrx_word' id='word_1_133' title='bbox 1172 1642 1248 1705; x_wconf 84' lang='grc' dir='ltr'>Ληπ-</span> 
     </span>
     <span class='ocr_line' id='line_1_13' title="bbox 125 1729 1248 1804; baseline -0.002 -15"><span class='ocrx_word' id='word_1_134' title='bbox 125 1732 185 1789; x_wconf 79' lang='grc' dir='ltr'>τάον</span> <span class='ocrx_word' id='word_1_135' title='bbox 207 1729 236 1789; x_wconf 75' lang='grc' dir='ltr'>δὲ</span> <span class='ocrx_word' id='word_1_136' title='bbox 257 1731 342 1803; x_wconf 79' lang='grc' dir='ltr'>αὐτὴν</span> <span class='ocrx_word' id='word_1_137' title='bbox 363 1732 416 1789; x_wconf 88' lang='grc' dir='ltr'>ἀπό</span> <span class='ocrx_word' id='word_1_138' title='bbox 437 1754 466 1791; x_wconf 91' lang='grc' dir='ltr'>τε</span> <span class='ocrx_word' id='word_1_139' title='bbox 487 1737 542 1789; x_wconf 90' lang='grc' dir='ltr'>τῶν</span> <span class='ocrx_word' id='word_1_140' title='bbox 563 1731 655 1789; x_wconf 83' lang='grc' dir='ltr'>αἰτίων</span> <span class='ocrx_word' id='word_1_141' title='bbox 676 1732 728 1789; x_wconf 84' lang='grc' dir='ltr'>ἀπό</span> <span class='ocrx_word' id='word_1_142' title='bbox 747 1754 775 1791; x_wconf 88' lang='grc' dir='ltr'>τε</span> <span class='ocrx_word' id='word_1_143' title='bbox 794 1741 846 1804; x_wconf 80' lang='grc' dir='ltr'>τῆς</span> <span class='ocrx_word' id='word_1_144' title='bbox 864 1730 979 1803; x_wconf 81' lang='grc' dir='ltr'>τάξεως,</span> <span class='ocrx_word' id='word_1_145' title='bbox 1002 1730 1092 1803; x_wconf 78' lang='grc' dir='ltr'>ἐπειδὴ</span> <span class='ocrx_word' id='word_1_146' title='bbox 1112 1729 1248 1797; x_wconf 78' lang='grc' dir='ltr'>πολλάκις</span> 
     </span>
     <span class='ocr_line' id='line_1_14' title="bbox 126 1828 1249 1913; baseline -0.001 -25"><span class='ocrx_word' id='word_1_147' title='bbox 126 1831 179 1888; x_wconf 84' lang='grc' dir='ltr'>ἀπό</span> <span class='ocrx_word' id='word_1_148' title='bbox 201 1828 257 1913; x_wconf 89' lang='grc' dir='ltr'>[τε]</span> <span class='ocrx_word' id='word_1_149' title='bbox 278 1836 333 1888; x_wconf 84' lang='grc' dir='ltr'>τῶν</span> <span class='ocrx_word' id='word_1_150' title='bbox 352 1831 441 1888; x_wconf 78' lang='grc' dir='ltr'>αὐτῶν</span> <span class='ocrx_word' id='word_1_151' title='bbox 462 1832 526 1889; x_wconf 76' lang='grc' dir='ltr'>εἰσιν</span> <span class='ocrx_word' id='word_1_152' title='bbox 547 1830 655 1903; x_wconf 87' lang='grc' dir='ltr'>αίτίων,</span> <span class='ocrx_word' id='word_1_153' title='bbox 675 1830 728 1888; x_wconf 91' lang='grc' dir='ltr'>ἀπό</span> <span class='ocrx_word' id='word_1_154' title='bbox 748 1853 777 1888; x_wconf 91' lang='grc' dir='ltr'>τε</span> <span class='ocrx_word' id='word_1_155' title='bbox 794 1837 849 1889; x_wconf 89' lang='grc' dir='ltr'>τῶν</span> <span class='ocrx_word' id='word_1_156' title='bbox 869 1831 967 1888; x_wconf 81' lang='grc' dir='ltr'>οὐσιῶν</span> <span class='ocrx_word' id='word_1_157' title='bbox 987 1831 1030 1887; x_wconf 84' lang='grc' dir='ltr'>καί</span> <span class='ocrx_word' id='word_1_158' title='bbox 1049 1828 1189 1906; x_wconf 83' lang='grc' dir='ltr'>δυνάμεων</span> <span class='ocrx_word' id='word_1_159' title='bbox 1210 1833 1249 1887; x_wconf 89' lang='grc' dir='ltr'>ῶν</span> 
     </span>
     <span class='ocr_line' id='line_1_15' title="bbox 127 1926 1248 2011; baseline -0.001 -23"><span class='ocrx_word' id='word_1_160' title='bbox 127 1926 325 2007; x_wconf 78' lang='grc' dir='ltr'>λαμόάνουσιν,</span> <span class='ocrx_word' id='word_1_161' title='bbox 346 1929 398 1986; x_wconf 86' lang='grc' dir='ltr'>ἀπὸ</span> <span class='ocrx_word' id='word_1_162' title='bbox 414 1935 470 1986; x_wconf 93' lang='grc' dir='ltr'>τῶν</span> <span class='ocrx_word' id='word_1_163' title='bbox 490 1928 587 1994; x_wconf 85' lang='grc' dir='ltr'>αότοθς</span> <span class='ocrx_word' id='word_1_164' title='bbox 601 1929 828 2011; x_wconf 85' lang='grc' dir='ltr'>παραγαγόντων,</span> <span class='ocrx_word' id='word_1_165' title='bbox 847 1929 900 1986; x_wconf 80' lang='grc' dir='ltr'>ἀπὸ</span> <span class='ocrx_word' id='word_1_166' title='bbox 918 1934 973 1986; x_wconf 90' lang='grc' dir='ltr'>τῶν</span> <span class='ocrx_word' id='word_1_167' title='bbox 987 1929 1136 2009; x_wconf 77' lang='grc' dir='ltr'>ἐνεργειῶν,</span> <span class='ocrx_word' id='word_1_168' title='bbox 1153 1929 1205 1986; x_wconf 87' lang='grc' dir='ltr'>ἀπό</span> <span class='ocrx_word' id='word_1_169' title='bbox 1219 1941 1248 1987; x_wconf 84' lang='grc' dir='ltr'>τε</span> 
     </span>
    </p>

    <p class='ocr_par' dir='ltr' id='par_1_5' title="bbox 64 2023 1305 2108">
     <span class='ocr_line' id='line_1_16' title="bbox 64 2023 1305 2108; baseline 0.002 -27"><span class='ocrx_word' id='word_1_170' title='bbox 64 2031 95 2081; x_wconf 85' lang='grc'>15</span> <span class='ocrx_word' id='word_1_171' title='bbox 126 2038 179 2102; x_wconf 80' lang='grc' dir='ltr'>τῆς</span> <span class='ocrx_word' id='word_1_172' title='bbox 198 2026 323 2095; x_wconf 80' lang='grc' dir='ltr'>εὐταξίας</span> <span class='ocrx_word' id='word_1_173' title='bbox 344 2029 462 2085; x_wconf 81' lang='grc' dir='ltr'>καὶτῶν</span> <span class='ocrx_word' id='word_1_174' title='bbox 481 2028 625 2088; x_wconf 87' lang='grc' dir='ltr'>τοιοότων.</span> <span class='ocrx_word' id='word_1_175' title='bbox 646 2029 677 2084; x_wconf 84' lang='grc' dir='ltr'>Οί</span> <span class='ocrx_word' id='word_1_176' title='bbox 696 2028 748 2107; x_wconf 78' lang='grc' dir='ltr'>γὰρ</span> <span class='ocrx_word' id='word_1_177' title='bbox 767 2033 815 2085; x_wconf 83' lang='grc' dir='ltr'>τοῦ</span> <span class='ocrx_word' id='word_1_178' title='bbox 835 2028 896 2092; x_wconf 78' lang='grc' dir='ltr'>Διὸς</span> <span class='ocrx_word' id='word_1_179' title='bbox 915 2027 994 2108; x_wconf 84' lang='grc' dir='ltr'>λόγοι</span> <span class='ocrx_word' id='word_1_180' title='bbox 1013 2025 1152 2104; x_wconf 84' lang='grc' dir='ltr'>θυνάμεῶν</span> <span class='ocrx_word' id='word_1_181' title='bbox 1169 2027 1249 2085; x_wconf 80' lang='grc' dir='ltr'>τινών</span> <span class='ocrx_word' id='word_1_182' title='bbox 1303 2023 1305 2038; x_wconf 71' lang='lat'><em>¹</em></span> 
     </span>
    </p>

    <p class='ocr_par' dir='ltr' id='par_1_6' title="bbox 129 2124 841 2207">
     <span class='ocr_line' id='line_1_17' title="bbox 129 2124 841 2207; baseline -0.006 -21"><span class='ocrx_word' id='word_1_183' title='bbox 129 2127 179 2186; x_wconf 85' lang='grc' dir='ltr'>είσι</span> <span class='ocrx_word' id='word_1_184' title='bbox 194 2125 294 2198; x_wconf 85' lang='grc' dir='ltr'>δόσεις,</span> <span class='ocrx_word' id='word_1_185' title='bbox 311 2127 350 2191; x_wconf 86' lang='grc' dir='ltr'>ὡς</span> <span class='ocrx_word' id='word_1_186' title='bbox 365 2129 429 2184; x_wconf 85' lang='grc' dir='ltr'>όταν</span> <span class='ocrx_word' id='word_1_187' title='bbox 440 2125 509 2205; x_wconf 79' lang='grc' dir='ltr'>λέγῃ</span> <span class='ocrx_word' id='word_1_188' title='bbox 524 2126 591 2206; x_wconf 85' lang='grc' dir='ltr'>πρός</span> <span class='ocrx_word' id='word_1_189' title='bbox 606 2128 656 2198; x_wconf 77' lang='grc' dir='ltr'>τὴν</span> <span class='ocrx_word' id='word_1_190' title='bbox 671 2124 841 2207; x_wconf 65' lang='grc' dir='ltr'>Ἀφροδίτην·</span> 
     </span>
    </p>
   </div>
   <div class='ocr_carea' id='block_1_3' title="bbox 326 2285 994 2468">
    <p class='ocr_par' dir='ltr' id='par_1_7' title="bbox 326 2285 994 2468">
     <span class='ocr_line' id='line_1_18' title="bbox 328 2285 966 2368; baseline -0.003 -22"><span class='ocrx_word' id='word_1_191' title='bbox 328 2287 360 2346; x_wconf 79' lang='grc' dir='ltr'>οὔ</span> <span class='ocrx_word' id='word_1_192' title='bbox 374 2310 417 2346; x_wconf 91' lang='grc' dir='ltr'>τοι</span> <span class='ocrx_word' id='word_1_193' title='bbox 430 2288 523 2346; x_wconf 77' lang='grc' dir='ltr'>τέκνον</span> <span class='ocrx_word' id='word_1_194' title='bbox 536 2287 604 2363; x_wconf 77' lang='grc' dir='ltr'>ἐμόν</span> <span class='ocrx_word' id='word_1_195' title='bbox 619 2285 724 2347; x_wconf 80' lang='grc' dir='ltr'>δίδοται</span> <span class='ocrx_word' id='word_1_196' title='bbox 737 2286 877 2363; x_wconf 73' lang='grc' dir='ltr'>πολεμήια</span> <span class='ocrx_word' id='word_1_197' title='bbox 889 2285 966 2368; x_wconf 79' lang='grc' dir='ltr'>ἔργα,</span> 
     </span>
     <span class='ocr_line' id='line_1_19' title="bbox 326 2382 994 2468; baseline 0.001 -23"><span class='ocrx_word' id='word_1_198' title='bbox 326 2385 400 2446; x_wconf 80' lang='grc' dir='ltr'>ἀλλά</span> <span class='ocrx_word' id='word_1_199' title='bbox 414 2385 446 2444; x_wconf 86' lang='grc' dir='ltr'>σό</span> <span class='ocrx_word' id='word_1_200' title='bbox 459 2384 485 2466; x_wconf 86' lang='grc' dir='ltr'>γ’</span> <span class='ocrx_word' id='word_1_201' title='bbox 501 2386 644 2467; x_wconf 81' lang='grc' dir='ltr'>ἱμερόεντα</span> <span class='ocrx_word' id='word_1_202' title='bbox 660 2387 792 2468; x_wconf 74' lang='grc' dir='ltr'>μετέρχεο</span> <span class='ocrx_word' id='word_1_203' title='bbox 806 2382 871 2467; x_wconf 83' lang='grc' dir='ltr'>ἔργα</span> <span class='ocrx_word' id='word_1_204' title='bbox 884 2386 994 2465; x_wconf 91' lang='grc' dir='ltr'>γάμοιο.</span> 
     </span>
    </p>
   </div>
   <div class='ocr_carea' id='block_1_4' title="bbox 17 2546 1308 3317">
    <p class='ocr_par' dir='ltr' id='par_1_8' title="bbox 127 2546 1284 2631">
     <span class='ocr_line' id='line_1_20' title="bbox 127 2546 1284 2631; baseline -0.002 -24"><span class='ocrx_word' id='word_1_205' title='bbox 127 2547 274 2623; x_wconf 77' lang='grc' dir='ltr'>’ἰδιότητες</span> <span class='ocrx_word' id='word_1_206' title='bbox 294 2546 341 2606; x_wconf 75' lang='grc' dir='ltr'>οὖν</span> <span class='ocrx_word' id='word_1_207' title='bbox 359 2548 410 2606; x_wconf 85' lang='grc' dir='ltr'>είσί</span> <span class='ocrx_word' id='word_1_208' title='bbox 424 2570 491 2606; x_wconf 84' lang='grc' dir='ltr'>τισιν</span> <span class='ocrx_word' id='word_1_209' title='bbox 507 2547 535 2607; x_wconf 79' lang='grc' dir='ltr'>ίν</span> <span class='ocrx_word' id='word_1_210' title='bbox 549 2555 607 2613; x_wconf 81' lang='grc' dir='ltr'>τοῖς</span> <span class='ocrx_word' id='word_1_211' title='bbox 624 2548 751 2628; x_wconf 82' lang='grc' dir='ltr'>ἀριθμοῖς</span> <span class='ocrx_word' id='word_1_212' title='bbox 768 2549 992 2626; x_wconf 77' lang='grc' dir='ltr'>ἀπομιμούμεναι</span> <span class='ocrx_word' id='word_1_213' title='bbox 1007 2549 1053 2614; x_wconf 87' lang='grc' dir='ltr'>τάς</span> <span class='ocrx_word' id='word_1_214' title='bbox 1069 2547 1205 2622; x_wconf 73' lang='grc' dir='ltr'>ἰδιότητας</span> <span class='ocrx_word' id='word_1_215' title='bbox 1221 2547 1248 2605; x_wconf 81' lang='grc' dir='ltr'>ἐν</span> <span class='ocrx_word' id='word_1_216' title='bbox 1282 2625 1284 2631; x_wconf 74' lang='lat'>.</span> 
     </span>
    </p>

    <p class='ocr_par' dir='ltr' id='par_1_9' title="bbox 62 2642 1248 2925">
     <span class='ocr_line' id='line_1_21' title="bbox 62 2642 1248 2728; baseline -0.002 -22"><span class='ocrx_word' id='word_1_217' title='bbox 62 2656 94 2706; x_wconf 69' lang='lat'>20</span> <span class='ocrx_word' id='word_1_218' title='bbox 126 2655 184 2715; x_wconf 82' lang='grc' dir='ltr'>τοῖς</span> <span class='ocrx_word' id='word_1_219' title='bbox 200 2654 287 2714; x_wconf 58' lang='grc' dir='ltr'>θεοῖς·</span> <span class='ocrx_word' id='word_1_220' title='bbox 304 2645 346 2705; x_wconf 84' lang='grc' dir='ltr'>διὸ</span> <span class='ocrx_word' id='word_1_221' title='bbox 363 2646 514 2714; x_wconf 78' lang='grc' dir='ltr'>αὐτοῖςκαὶ</span> <span class='ocrx_word' id='word_1_222' title='bbox 529 2647 708 2705; x_wconf 84' lang='grc' dir='ltr'>ἀνατίθενται·</span> <span class='ocrx_word' id='word_1_223' title='bbox 726 2648 783 2704; x_wconf 82' lang='grc' dir='ltr'>οἷον</span> <span class='ocrx_word' id='word_1_224' title='bbox 796 2647 823 2705; x_wconf 75' lang='grc' dir='ltr'>ἐν</span> <span class='ocrx_word' id='word_1_225' title='bbox 837 2649 885 2724; x_wconf 78' lang='grc' dir='ltr'>μὲν</span> <span class='ocrx_word' id='word_1_226' title='bbox 899 2653 933 2725; x_wconf 75' lang='grc' dir='ltr'>τῇ</span> <span class='ocrx_word' id='word_1_227' title='bbox 948 2642 1055 2724; x_wconf 78' lang='grc' dir='ltr'>ἒόδόμῃ</span> <span class='ocrx_word' id='word_1_228' title='bbox 1068 2648 1099 2704; x_wconf 87' lang='grc' dir='ltr'>τδ</span> <span class='ocrx_word' id='word_1_229' title='bbox 1114 2646 1248 2728; x_wconf 79' lang='grc' dir='ltr'>’ἀχραντον</span> 
     </span>
     <span class='ocr_line' id='line_1_22' title="bbox 127 2740 1246 2828; baseline -0.002 -24"><span class='ocrx_word' id='word_1_230' title='bbox 127 2745 201 2826; x_wconf 69' lang='grc' dir='ltr'>(οὔτε</span> <span class='ocrx_word' id='word_1_231' title='bbox 213 2748 265 2828; x_wconf 87' lang='grc' dir='ltr'>γάρ</span> <span class='ocrx_word' id='word_1_232' title='bbox 276 2752 355 2827; x_wconf 81' lang='grc' dir='ltr'>γεννᾷ</span> <span class='ocrx_word' id='word_1_233' title='bbox 370 2745 432 2804; x_wconf 84' lang='grc' dir='ltr'>οότε</span> <span class='ocrx_word' id='word_1_234' title='bbox 448 2753 574 2825; x_wconf 79' lang='grc' dir='ltr'>γεννᾶται</span> <span class='ocrx_word' id='word_1_235' title='bbox 590 2747 605 2803; x_wconf 86' lang='grc' dir='ltr'>θ</span> <span class='ocrx_word' id='word_1_236' title='bbox 619 2740 759 2825; x_wconf 77' lang='grc' dir='ltr'>ἓόθομος),</span> <span class='ocrx_word' id='word_1_237' title='bbox 776 2743 817 2803; x_wconf 87' lang='grc' dir='ltr'>διδ</span> <span class='ocrx_word' id='word_1_238' title='bbox 833 2752 868 2823; x_wconf 77' lang='grc' dir='ltr'>τῇ</span> <span class='ocrx_word' id='word_1_239' title='bbox 884 2746 985 2820; x_wconf 50' lang='grc' dir='ltr'>ἈθηνᾷἸ</span> <span class='ocrx_word' id='word_1_240' title='bbox 995 2747 1111 2805; x_wconf 80' lang='grc' dir='ltr'>ἀνεῖται·</span> <span class='ocrx_word' id='word_1_241' title='bbox 1128 2745 1155 2804; x_wconf 75' lang='grc' dir='ltr'>ἐν</span> <span class='ocrx_word' id='word_1_242' title='bbox 1168 2744 1196 2804; x_wconf 79' lang='grc' dir='ltr'>δὲ</span> <span class='ocrx_word' id='word_1_243' title='bbox 1209 2751 1246 2825; x_wconf 83' lang='grc' dir='ltr'>τῷ</span> 
     </span>
     <span class='ocr_line' id='line_1_23' title="bbox 127 2841 1248 2925; baseline 0.001 -24"><span class='ocrx_word' id='word_1_244' title='bbox 127 2842 271 2920; x_wconf 73' lang='grc' dir='ltr'>δωδεκάτῳ</span> <span class='ocrx_word' id='word_1_245' title='bbox 292 2845 324 2902; x_wconf 85' lang='grc' dir='ltr'>τό</span> <span class='ocrx_word' id='word_1_246' title='bbox 343 2845 460 2918; x_wconf 82' lang='grc' dir='ltr'>τέλειον,</span> <span class='ocrx_word' id='word_1_247' title='bbox 484 2843 524 2919; x_wconf 82' lang='grc' dir='ltr'>διό</span> <span class='ocrx_word' id='word_1_248' title='bbox 545 2850 604 2908; x_wconf 86' lang='grc' dir='ltr'>τοῖς</span> <span class='ocrx_word' id='word_1_249' title='bbox 627 2841 772 2910; x_wconf 86' lang='grc' dir='ltr'>ἀπολότοις</span> <span class='ocrx_word' id='word_1_250' title='bbox 793 2850 873 2910; x_wconf 56' lang='grc' dir='ltr'>θεοῖς</span> <span class='ocrx_word' id='word_1_251' title='bbox 895 2844 1046 2925; x_wconf 83' lang='grc' dir='ltr'>ἀνιίρωτιιι·</span> <span class='ocrx_word' id='word_1_252' title='bbox 1068 2845 1200 2902; x_wconf 85' lang='grc' dir='ltr'>ἀπόλυτοι</span> <span class='ocrx_word' id='word_1_253' title='bbox 1219 2844 1248 2902; x_wconf 73' lang='grc' dir='ltr'>δέ</span> 
     </span>
    </p>

    <p class='ocr_par' dir='ltr' id='par_1_10' title="bbox 126 2939 1247 3023">
     <span class='ocr_line' id='line_1_24' title="bbox 126 2939 1247 3023; baseline -0.001 -23"><span class='ocrx_word' id='word_1_254' title='bbox 126 2944 190 3002; x_wconf 90' lang='grc' dir='ltr'>είσιν</span> <span class='ocrx_word' id='word_1_255' title='bbox 209 2941 286 3007; x_wconf 85' lang='grc' dir='ltr'>ἰδίως</span> <span class='ocrx_word' id='word_1_256' title='bbox 305 2944 380 3000; x_wconf 75' lang='grc' dir='ltr'>οὗτοι</span> <span class='ocrx_word' id='word_1_257' title='bbox 398 2944 425 3000; x_wconf 84' lang='grc' dir='ltr'>οί</span> <span class='ocrx_word' id='word_1_258' title='bbox 444 2948 491 2999; x_wconf 78' lang='grc' dir='ltr'>νῦν</span> <span class='ocrx_word' id='word_1_259' title='bbox 508 2941 652 3022; x_wconf 89' lang='grc' dir='ltr'>λεγόμενοι</span> <span class='ocrx_word' id='word_1_260' title='bbox 671 2939 784 3012; x_wconf 83' lang='grc' dir='ltr'>δώδεκα,</span> <span class='ocrx_word' id='word_1_261' title='bbox 805 2948 903 3006; x_wconf 89' lang='grc' dir='ltr'>κοινῶς</span> <span class='ocrx_word' id='word_1_262' title='bbox 922 2943 1099 3023; x_wconf 87' lang='grc' dir='ltr'>όπερκόσμιοι</span> <span class='ocrx_word' id='word_1_263' title='bbox 1118 2940 1205 3014; x_wconf 80' lang='grc' dir='ltr'>ὄντες,</span> <span class='ocrx_word' id='word_1_264' title='bbox 1221 2944 1247 2999; x_wconf 77' lang='grc' dir='ltr'>οἳ</span> 
     </span>
    </p>

    <p class='ocr_par' dir='ltr' id='par_1_11' title="bbox 125 3038 1245 3119">
     <span class='ocr_line' id='line_1_25' title="bbox 125 3038 1245 3119; baseline -0.004 -20"><span class='ocrx_word' id='word_1_265' title='bbox 125 3042 170 3099; x_wconf 83' lang='grc' dir='ltr'>καί</span> <span class='ocrx_word' id='word_1_266' title='bbox 187 3042 273 3099; x_wconf 80' lang='grc' dir='ltr'>πάντα</span> <span class='ocrx_word' id='word_1_267' title='bbox 287 3043 334 3098; x_wconf 87' lang='grc' dir='ltr'>τὸν</span> <span class='ocrx_word' id='word_1_268' title='bbox 348 3041 453 3116; x_wconf 84' lang='grc' dir='ltr'>κόσμον</span> <span class='ocrx_word' id='word_1_269' title='bbox 466 3040 612 3099; x_wconf 77' lang='grc' dir='ltr'>τελειοῦσι·</span> <span class='ocrx_word' id='word_1_270' title='bbox 630 3038 671 3097; x_wconf 85' lang='grc' dir='ltr'>διὸ</span> <span class='ocrx_word' id='word_1_271' title='bbox 687 3038 737 3096; x_wconf 73' lang='grc' dir='ltr'>κάν</span> <span class='ocrx_word' id='word_1_272' title='bbox 758 3040 849 3119; x_wconf 78' lang='grc' dir='ltr'>μόριοι</span> <span class='ocrx_word' id='word_1_273' title='bbox 868 3041 917 3097; x_wconf 84' lang='grc' dir='ltr'>ὦσι</span> <span class='ocrx_word' id='word_1_274' title='bbox 933 3039 1058 3119; x_wconf 80' lang='grc' dir='ltr'>λέγονται</span> <span class='ocrx_word' id='word_1_275' title='bbox 1077 3039 1184 3098; x_wconf 85' lang='grc' dir='ltr'>δώδεκα</span> <span class='ocrx_word' id='word_1_276' title='bbox 1200 3041 1245 3096; x_wconf 79' lang='grc' dir='ltr'>καί</span> 
     </span>
    </p>

    <p class='ocr_par' dir='ltr' id='par_1_12' title="bbox 17 3127 1308 3317">
     <span class='ocr_line' id='line_1_26' title="bbox 17 3127 1308 3219; baseline -0.003 -20"><span class='ocrx_word' id='word_1_277' title='bbox 17 3165 42 3212; x_wconf 81' lang='grc' dir='ltr'>μ.</span> <span class='ocrx_word' id='word_1_278' title='bbox 62 3149 109 3200; x_wconf 82' lang='grc'>136</span> <span class='ocrx_word' id='word_1_279' title='bbox 123 3137 236 3205; x_wconf 69' lang='grc' dir='ltr'>ἕκαστος</span> <span class='ocrx_word' id='word_1_280' title='bbox 256 3139 345 3197; x_wconf 76' lang='grc' dir='ltr'>αὐτῶν</span> <span class='ocrx_word' id='word_1_281' title='bbox 362 3139 392 3196; x_wconf 83' lang='grc' dir='ltr'>ἓν</span> <span class='ocrx_word' id='word_1_282' title='bbox 409 3136 515 3196; x_wconf 84' lang='grc' dir='ltr'>δώδεκά</span> <span class='ocrx_word' id='word_1_283' title='bbox 535 3137 601 3195; x_wconf 82' lang='grc' dir='ltr'>ἐστι·</span> <span class='ocrx_word' id='word_1_284' title='bbox 620 3136 791 3210; x_wconf 65' lang='grc' dir='ltr'>τελειότητος</span> <span class='ocrx_word' id='word_1_285' title='bbox 806 3140 858 3219; x_wconf 84' lang='grc' dir='ltr'>γάρ</span> <span class='ocrx_word' id='word_1_286' title='bbox 873 3135 1013 3215; x_wconf 80' lang='grc' dir='ltr'>σόμόολον</span> <span class='ocrx_word' id='word_1_287' title='bbox 1029 3136 1173 3197; x_wconf 83' lang='grc' dir='ltr'>όδιόδεκα.</span> <span class='ocrx_word' id='word_1_288' title='bbox 1187 3138 1193 3215; x_wconf 78' lang='grc'><strong>1</strong></span> <span class='ocrx_word' id='word_1_289' title='bbox 1208 3173 1247 3182; x_wconf 93' lang='grc'>-</span> <span class='ocrx_word' id='word_1_290' title='bbox 1307 3127 1308 3131; x_wconf 23' lang='lat'>¹</span> 
     </span>
     <span class='ocr_line' id='line_1_27' title="bbox 124 3234 993 3317; baseline -0.002 -22"><span class='ocrx_word' id='word_1_291' title='bbox 124 3239 160 3295; x_wconf 89' lang='grc' dir='ltr'>Τδ</span> <span class='ocrx_word' id='word_1_292' title='bbox 174 3236 203 3295; x_wconf 75' lang='grc' dir='ltr'>δὲ</span> <span class='ocrx_word' id='word_1_293' title='bbox 218 3237 321 3315; x_wconf 83' lang='grc' dir='ltr'>μέγας</span> <span class='ocrx_word' id='word_1_294' title='bbox 336 3236 367 3293; x_wconf 83' lang='grc' dir='ltr'>τό</span> <span class='ocrx_word' id='word_1_295' title='bbox 383 3237 514 3317; x_wconf 76' lang='grc' dir='ltr'>ὑπερέχον</span> <span class='ocrx_word' id='word_1_296' title='bbox 530 3235 611 3293; x_wconf 74' lang='grc' dir='ltr'>αὑτοῦ</span> <span class='ocrx_word' id='word_1_297' title='bbox 623 3236 692 3315; x_wconf 86' lang='grc' dir='ltr'>πρός</span> <span class='ocrx_word' id='word_1_298' title='bbox 707 3235 770 3299; x_wconf 71' lang='grc' dir='ltr'>τοὺς</span> <span class='ocrx_word' id='word_1_299' title='bbox 787 3234 883 3302; x_wconf 84' lang='grc' dir='ltr'>ἀλλους</span> <span class='ocrx_word' id='word_1_300' title='bbox 898 3234 993 3310; x_wconf 84' lang='grc' dir='ltr'>δηλοῖ·</span> 
     </span>
    </p>
   </div>
   <div class='ocr_carea' id='block_1_5' title="bbox 365 3395 899 3477">
    <p class='ocr_par' dir='ltr' id='par_1_13' title="bbox 365 3395 899 3477">
     <span class='ocr_line' id='line_1_28' title="bbox 365 3395 899 3477; baseline 0.015 -22"><span class='ocrx_word' id='word_1_301' title='bbox 365 3396 444 3456; x_wconf 88' lang='grc' dir='ltr'>τίπτε</span> <span class='ocrx_word' id='word_1_302' title='bbox 460 3419 494 3474; x_wconf 88' lang='grc' dir='ltr'>με</span> <span class='ocrx_word' id='word_1_303' title='bbox 507 3402 597 3462; x_wconf 82' lang='grc' dir='ltr'>κεῖνος</span> <span class='ocrx_word' id='word_1_304' title='bbox 613 3395 702 3475; x_wconf 80' lang='grc' dir='ltr'>ἄνωγε</span> <span class='ocrx_word' id='word_1_305' title='bbox 718 3397 803 3477; x_wconf 76' lang='grc' dir='ltr'>μέγας</span> <span class='ocrx_word' id='word_1_306' title='bbox 817 3399 899 3471; x_wconf 70' lang='grc' dir='ltr'>3εός;</span> 
     </span>
    </p>
   </div>
   <div class='ocr_carea' id='block_1_6' title="bbox 60 3554 1246 3841">
    <p class='ocr_par' dir='ltr' id='par_1_14' title="bbox 60 3554 1246 3841">
     <span class='ocr_line' id='line_1_29' title="bbox 124 3554 1245 3645; baseline -0.003 -24"><span class='ocrx_word' id='word_1_307' title='bbox 124 3563 159 3621; x_wconf 87' lang='grc' dir='ltr'>Τό</span> <span class='ocrx_word' id='word_1_308' title='bbox 177 3560 206 3620; x_wconf 69' lang='grc' dir='ltr'>δὲ</span> <span class='ocrx_word' id='word_1_309' title='bbox 223 3560 360 3641; x_wconf 77' lang='grc' dir='ltr'>ἡγεμὼν</span> <span class='ocrx_word' id='word_1_310' title='bbox 379 3561 409 3619; x_wconf 84' lang='grc' dir='ltr'>τό</span> <span class='ocrx_word' id='word_1_311' title='bbox 429 3554 596 3643; x_wconf 73' lang='grc' dir='ltr'>ἐξῃρημένον</span> <span class='ocrx_word' id='word_1_312' title='bbox 610 3566 654 3621; x_wconf 90' lang='grc' dir='ltr'>καί</span> <span class='ocrx_word' id='word_1_313' title='bbox 669 3564 795 3645; x_wconf 80' lang='grc' dir='ltr'>ἀρχικόν·</span> <span class='ocrx_word' id='word_1_314' title='bbox 813 3562 923 3621; x_wconf 86' lang='grc' dir='ltr'>δυνατόν</span> <span class='ocrx_word' id='word_1_315' title='bbox 934 3563 985 3644; x_wconf 83' lang='grc' dir='ltr'>γάρ</span> <span class='ocrx_word' id='word_1_316' title='bbox 1000 3565 1085 3644; x_wconf 79' lang='grc' dir='ltr'>μέγαν</span> <span class='ocrx_word' id='word_1_317' title='bbox 1099 3563 1167 3621; x_wconf 76' lang='grc' dir='ltr'>εἶναι</span> <span class='ocrx_word' id='word_1_318' title='bbox 1181 3559 1245 3619; x_wconf 89' lang='grc' dir='ltr'>ἀλλ’</span> 
     </span>
     <span class='ocr_line' id='line_1_30' title="bbox 126 3657 1244 3741; baseline -0.002 -23"><span class='ocrx_word' id='word_1_319' title='bbox 126 3660 175 3718; x_wconf 85' lang='grc' dir='ltr'>οόκ</span> <span class='ocrx_word' id='word_1_320' title='bbox 193 3657 371 3740; x_wconf 72' lang='grc' dir='ltr'>ἐξῃρημένον,</span> <span class='ocrx_word' id='word_1_321' title='bbox 389 3659 434 3716; x_wconf 81' lang='grc' dir='ltr'>καί</span> <span class='ocrx_word' id='word_1_322' title='bbox 453 3657 620 3740; x_wconf 73' lang='grc' dir='ltr'>ἐξῃρημένον</span> <span class='ocrx_word' id='word_1_323' title='bbox 636 3660 702 3719; x_wconf 81' lang='grc' dir='ltr'>ἀλλ’</span> <span class='ocrx_word' id='word_1_324' title='bbox 722 3661 812 3719; x_wconf 84' lang='grc' dir='ltr'>οόκὲτι</span> <span class='ocrx_word' id='word_1_325' title='bbox 829 3663 874 3719; x_wconf 86' lang='grc' dir='ltr'>καί</span> <span class='ocrx_word' id='word_1_326' title='bbox 894 3663 1003 3738; x_wconf 79' lang='grc' dir='ltr'>μείζονα</span> <span class='ocrx_word' id='word_1_327' title='bbox 1020 3667 1073 3720; x_wconf 87' lang='grc' dir='ltr'>τῶν</span> <span class='ocrx_word' id='word_1_328' title='bbox 1091 3660 1244 3741; x_wconf 80' lang='grc' dir='ltr'>ἡγεμόνων·</span> 
     </span>
     <span class='ocr_line' id='line_1_31' title="bbox 60 3756 1246 3841; baseline -0.007 -21"><span class='ocrx_word' id='word_1_329' title='bbox 60 3768 94 3820; x_wconf 70' lang='grc' dir='ltr'>θθ</span> <span class='ocrx_word' id='word_1_330' title='bbox 125 3757 167 3817; x_wconf 83' lang='grc' dir='ltr'>διά</span> <span class='ocrx_word' id='word_1_331' title='bbox 187 3763 266 3817; x_wconf 80' lang='grc' dir='ltr'>τοῦτο</span> <span class='ocrx_word' id='word_1_332' title='bbox 289 3758 431 3840; x_wconf 70' lang='grc' dir='ltr'>ἀμφότερα</span> <span class='ocrx_word' id='word_1_333' title='bbox 452 3760 467 3815; x_wconf 86' lang='grc' dir='ltr'>δ</span> <span class='ocrx_word' id='word_1_334' title='bbox 489 3757 601 3817; x_wconf 83' lang='grc' dir='ltr'>Πλάτων</span> <span class='ocrx_word' id='word_1_335' title='bbox 621 3756 772 3840; x_wconf 78' lang='grc' dir='ltr'>παρόλοιόεν</span> <span class='ocrx_word' id='word_1_336' title='bbox 796 3759 878 3818; x_wconf 84' lang='grc' dir='ltr'>είπών</span> <span class='ocrx_word' id='word_1_337' title='bbox 904 3759 1039 3840; x_wconf 79' lang='grc' dir='ltr'>ιιμέγας</span> <span class='ocrx_word' id='word_1_338' title='bbox 1062 3760 1210 3841; x_wconf 78' lang='grc' dir='ltr'>ἡγεμών.</span> <span class='ocrx_word' id='word_1_339' title='bbox 1231 3783 1246 3812; x_wconf 75' lang='grc' dir='ltr'>ιι</span> 
     </span>
    </p>
   </div>
   <div class='ocr_carea' id='block_1_7' title="bbox 155 3953 512 4007">
    <p class='ocr_par' dir='ltr' id='par_1_15' title="bbox 155 3953 512 4007">
     <span class='ocr_line' id='line_1_32' title="bbox 155 3953 512 4007; baseline 0.003 -1"><span class='ocrx_word' id='word_1_340' title='bbox 155 3953 329 4007; x_wconf 62' lang='lat' dir='ltr'><strong>unm-29</strong></span> <span class='ocrx_word' id='word_1_341' title='bbox 390 3954 512 4007; x_wconf 80' lang='lat'>27090</span> 
     </span>
    </p>
   </div>
   <div class='ocr_carea' id='block_1_8' title="bbox 124 4072 1249 4649">
    <p class='ocr_par' dir='ltr' id='par_1_16' title="bbox 126 4072 1247 4221">
     <span class='ocr_line' id='line_1_33' title="bbox 158 4072 1247 4148; baseline -0.001 -17"><span class='ocrx_word' id='word_1_342' title='bbox 158 4072 306 4133; x_wconf 78' lang='grc' dir='ltr'>ΝΟῙοίον</span> <span class='ocrx_word' id='word_1_343' title='bbox 322 4083 356 4139; x_wconf 87' lang='grc' dir='ltr'>ῶς</span> <span class='ocrx_word' id='word_1_344' title='bbox 373 4082 389 4144; x_wconf 88' lang='grc' dir='ltr'>ἠ</span> <span class='ocrx_word' id='word_1_345' title='bbox 405 4083 430 4130; x_wconf 86' lang='grc' dir='ltr'>Α</span> <span class='ocrx_word' id='word_1_346' title='bbox 493 4075 605 4145; x_wconf 76' lang='grc' dir='ltr'>2τρίτη]</span> <span class='ocrx_word' id='word_1_347' title='bbox 623 4076 705 4144; x_wconf 85' lang='grc' dir='ltr'>τριττὴ</span> <span class='ocrx_word' id='word_1_348' title='bbox 724 4077 752 4127; x_wconf 96' lang='grc' dir='ltr'><strong><em>Μ</em></strong></span> <span class='ocrx_word' id='word_1_349' title='bbox 817 4079 876 4131; x_wconf 78' lang='grc' dir='ltr'>όὲν</span> <span class='ocrx_word' id='word_1_350' title='bbox 889 4088 924 4148; x_wconf 85' lang='grc' dir='ltr'>τῷ</span> <span class='ocrx_word' id='word_1_351' title='bbox 941 4078 1047 4147; x_wconf 81' lang='grc' dir='ltr'>θικάτῳ]</span> <span class='ocrx_word' id='word_1_352' title='bbox 1062 4083 1087 4132; x_wconf 82' lang='grc' dir='ltr'>ἐν</span> <span class='ocrx_word' id='word_1_353' title='bbox 1101 4083 1164 4148; x_wconf 83' lang='grc' dir='ltr'>τῷδε</span> <span class='ocrx_word' id='word_1_354' title='bbox 1178 4079 1247 4132; x_wconf 80' lang='grc' dir='ltr'>κάτω</span> 
     </span>
     <span class='ocr_line' id='line_1_34' title="bbox 126 4148 1184 4221; baseline -0.001 -18"><span class='ocrx_word' id='word_1_355' title='bbox 126 4153 176 4204; x_wconf 82' lang='lat' dir='ltr'>M:</span> <span class='ocrx_word' id='word_1_356' title='bbox 192 4152 323 4203; x_wconf 78' lang='lat' dir='ltr'>videntur</span> <span class='ocrx_word' id='word_1_357' title='bbox 336 4156 484 4216; x_wconf 74' lang='lat' dir='ltr'>corrupta:</span> <span class='ocrx_word' id='word_1_358' title='bbox 501 4149 562 4201; x_wconf 74' lang='lat' dir='ltr'>tort.</span> <span class='ocrx_word' id='word_1_359' title='bbox 576 4148 726 4214; x_wconf 77' lang='lat' dir='ltr'>legendum</span> <span class='ocrx_word' id='word_1_360' title='bbox 744 4152 805 4201; x_wconf 78' lang='grc' dir='ltr'>δέκα</span> <span class='ocrx_word' id='word_1_361' title='bbox 819 4153 881 4201; x_wconf 82' lang='grc' dir='ltr'>θεῶν</span> <span class='ocrx_word' id='word_1_362' title='bbox 895 4150 941 4201; x_wconf 83' lang='lat' dir='ltr'>vel</span> <span class='ocrx_word' id='word_1_363' title='bbox 956 4155 981 4204; x_wconf 73' lang='grc' dir='ltr'>ιν</span> <span class='ocrx_word' id='word_1_364' title='bbox 996 4161 1031 4221; x_wconf 82' lang='grc' dir='ltr'>τῷ</span> <span class='ocrx_word' id='word_1_365' title='bbox 1046 4153 1106 4204; x_wconf 78' lang='grc' dir='ltr'>δέκα</span> <span class='ocrx_word' id='word_1_366' title='bbox 1122 4155 1184 4203; x_wconf 79' lang='grc' dir='ltr'>θεῶν</span> 
     </span>
    </p>

    <p class='ocr_par' dir='ltr' id='par_1_17' title="bbox 124 4221 1249 4577">
     <span class='ocr_line' id='line_1_35' title="bbox 125 4221 1249 4290; baseline -0.002 -14"><span class='ocrx_word' id='word_1_367' title='bbox 125 4226 140 4276; x_wconf 83' lang='grc'>5</span> <span class='ocrx_word' id='word_1_368' title='bbox 155 4243 181 4277; x_wconf 85' lang='grc' dir='ltr'>τι</span> <span class='ocrx_word' id='word_1_369' title='bbox 200 4237 257 4275; x_wconf 89' lang='lat' dir='ltr'>om.</span> <span class='ocrx_word' id='word_1_370' title='bbox 273 4224 302 4274; x_wconf 86' lang='lat' dir='ltr'><strong>M</strong></span> <span class='ocrx_word' id='word_1_371' title='bbox 365 4223 482 4290; x_wconf 74' lang='grc' dir='ltr'>τετάρτην</span> <span class='ocrx_word' id='word_1_372' title='bbox 497 4227 679 4285; x_wconf 83' lang='lat' dir='ltr'>corruptum:</span> <span class='ocrx_word' id='word_1_373' title='bbox 694 4221 831 4288; x_wconf 75' lang='grc' dir='ltr'>ὑπερτάτην</span> <span class='ocrx_word' id='word_1_374' title='bbox 847 4221 891 4286; x_wconf 80' lang='grc' dir='ltr'>τὴν</span> <span class='ocrx_word' id='word_1_375' title='bbox 908 4223 1063 4288; x_wconf 73' lang='lat' dir='ltr'>scripserim</span> <span class='ocrx_word' id='word_1_376' title='bbox 1126 4224 1171 4288; x_wconf 81' lang='grc' dir='ltr'>τὴν</span> <span class='ocrx_word' id='word_1_377' title='bbox 1188 4230 1249 4288; x_wconf 85' lang='lat' dir='ltr'><strong>post</strong></span> 
     </span>
     <span class='ocr_line' id='line_1_36' title="bbox 124 4290 1246 4372; baseline -0.003 -24"><span class='ocrx_word' id='word_1_378' title='bbox 124 4299 167 4348; x_wconf 84' lang='grc' dir='ltr'>καί</span> <span class='ocrx_word' id='word_1_379' title='bbox 189 4296 289 4347; x_wconf 86' lang='lat' dir='ltr'><strong>om.M</strong></span> <span class='ocrx_word' id='word_1_380' title='bbox 353 4293 504 4346; x_wconf 73' lang='grc' dir='ltr'>θθνάθαδθ</span> <span class='ocrx_word' id='word_1_381' title='bbox 524 4293 552 4342; x_wconf 87' lang='grc' dir='ltr'><strong><em>Μ</em></strong></span> <span class='ocrx_word' id='word_1_382' title='bbox 617 4290 812 4364; x_wconf 74' lang='grc' dir='ltr'>ἦρᾳ]ἧρῳΜ;</span> <span class='ocrx_word' id='word_1_383' title='bbox 832 4293 957 4370; x_wconf 74' lang='grc' dir='ltr'>ἥρῃΑεῖ·</span> <span class='ocrx_word' id='word_1_384' title='bbox 1020 4295 1246 4372; x_wconf 69' lang='grc' dir='ltr'>ἸφιηνοόχοςΑί</span> 
     </span>
     <span class='ocr_line' id='line_1_37' title="bbox 126 4364 1247 4432; baseline 0 -13"><span class='ocrx_word' id='word_1_385' title='bbox 126 4370 162 4431; x_wconf 77' lang='grc' dir='ltr'>(ιιι</span> <span class='ocrx_word' id='word_1_386' title='bbox 176 4380 259 4432; x_wconf 80' lang='lat' dir='ltr'>supra</span> <span class='ocrx_word' id='word_1_387' title='bbox 273 4369 299 4431; x_wconf 81' lang='grc' dir='ltr'>η)</span> <span class='ocrx_word' id='word_1_388' title='bbox 317 4366 345 4416; x_wconf 87' lang='grc' dir='ltr'><strong><em>Μ</em></strong></span> <span class='ocrx_word' id='word_1_389' title='bbox 364 4365 429 4428; x_wconf 78' lang='lat' dir='ltr'><strong>(jam</strong></span> <span class='ocrx_word' id='word_1_390' title='bbox 443 4368 599 4416; x_wconf 77' lang='lat' dir='ltr'>correxerat</span> <span class='ocrx_word' id='word_1_391' title='bbox 617 4366 683 4426; x_wconf 74' lang='lat' dir='ltr'>Asr)</span> <span class='ocrx_word' id='word_1_392' title='bbox 746 4364 762 4414; x_wconf 91' lang='lat'>8</span> <span class='ocrx_word' id='word_1_393' title='bbox 778 4365 879 4417; x_wconf 75' lang='grc' dir='ltr'>ἵννατον</span> <span class='ocrx_word' id='word_1_394' title='bbox 895 4366 923 4415; x_wconf 90' lang='grc' dir='ltr'><strong><em>Μ</em></strong></span> <span class='ocrx_word' id='word_1_395' title='bbox 938 4372 968 4417; x_wconf 84' lang='lat' dir='ltr'>ut</span> <span class='ocrx_word' id='word_1_396' title='bbox 983 4367 1051 4419; x_wconf 82' lang='lat' dir='ltr'><strong>solet</strong></span> <span class='ocrx_word' id='word_1_397' title='bbox 1114 4367 1144 4418; x_wconf 81' lang='lat'>12</span> <span class='ocrx_word' id='word_1_398' title='bbox 1161 4369 1247 4419; x_wconf 74' lang='grc' dir='ltr'>αἰτιῶν</span> 
     </span>
     <span class='ocr_line' id='line_1_38' title="bbox 125 4435 1245 4502; baseline 0 -13"><span class='ocrx_word' id='word_1_399' title='bbox 125 4438 156 4489; x_wconf 94' lang='grc' dir='ltr'><strong><em>Μ</em></strong></span> <span class='ocrx_word' id='word_1_400' title='bbox 220 4441 272 4492; x_wconf 87' lang='grc' dir='ltr'>ἀπό</span> <span class='ocrx_word' id='word_1_401' title='bbox 287 4457 313 4490; x_wconf 92' lang='grc' dir='ltr'>τε</span> <span class='ocrx_word' id='word_1_402' title='bbox 328 4438 382 4502; x_wconf 78' lang='grc' dir='ltr'>τῆς]</span> <span class='ocrx_word' id='word_1_403' title='bbox 400 4438 443 4488; x_wconf 82' lang='grc' dir='ltr'>καί</span> <span class='ocrx_word' id='word_1_404' title='bbox 461 4436 511 4488; x_wconf 77' lang='grc' dir='ltr'>ἀπὸ</span> <span class='ocrx_word' id='word_1_405' title='bbox 529 4443 572 4500; x_wconf 78' lang='grc' dir='ltr'>τῆς</span> <span class='ocrx_word' id='word_1_406' title='bbox 593 4435 621 4485; x_wconf 96' lang='grc' dir='ltr'><strong><em>Μ</em></strong></span> <span class='ocrx_word' id='word_1_407' title='bbox 687 4436 757 4487; x_wconf 65' lang='lat'>1³12</span> <span class='ocrx_word' id='word_1_408' title='bbox 773 4435 873 4486; x_wconf 80' lang='lat' dir='ltr'><strong>seclusi</strong></span> <span class='ocrx_word' id='word_1_409' title='bbox 936 4439 998 4490; x_wconf 81' lang='grc' dir='ltr'>είοίν</span> <span class='ocrx_word' id='word_1_410' title='bbox 1019 4442 1044 4490; x_wconf 79' lang='grc' dir='ltr'><strong>Α</strong></span> <span class='ocrx_word' id='word_1_411' title='bbox 1108 4439 1194 4490; x_wconf 87' lang='grc' dir='ltr'>αίτιῶν</span> <span class='ocrx_word' id='word_1_412' title='bbox 1217 4440 1245 4489; x_wconf 98' lang='grc' dir='ltr'><strong><em>Μ</em></strong></span> 
     </span>
     <span class='ocr_line' id='line_1_39' title="bbox 187 4506 1188 4577; baseline -0.002 -16"><span class='ocrx_word' id='word_1_413' title='bbox 187 4511 218 4561; x_wconf 85' lang='grc'>15</span> <span class='ocrx_word' id='word_1_414' title='bbox 240 4512 350 4567; x_wconf 67' lang='grc' dir='ltr'>ἀνταξίας</span> <span class='ocrx_word' id='word_1_415' title='bbox 378 4509 406 4558; x_wconf 98' lang='grc' dir='ltr'><strong><em>Μ</em></strong></span> <span class='ocrx_word' id='word_1_416' title='bbox 470 4526 542 4559; x_wconf 85' lang='grc' dir='ltr'>τινων</span> <span class='ocrx_word' id='word_1_417' title='bbox 567 4511 591 4557; x_wconf 91' lang='grc' dir='ltr'>Α</span> <span class='ocrx_word' id='word_1_418' title='bbox 654 4506 686 4557; x_wconf 84' lang='grc'>20</span> <span class='ocrx_word' id='word_1_419' title='bbox 707 4508 750 4571; x_wconf 76' lang='grc' dir='ltr'>μὲν</span> <span class='ocrx_word' id='word_1_420' title='bbox 773 4519 828 4559; x_wconf 90' lang='lat' dir='ltr'>om.</span> <span class='ocrx_word' id='word_1_421' title='bbox 853 4508 881 4558; x_wconf 88' lang='lat' dir='ltr'>M</span> <span class='ocrx_word' id='word_1_422' title='bbox 945 4509 975 4560; x_wconf 82' lang='lat'>21</span> <span class='ocrx_word' id='word_1_423' title='bbox 1002 4510 1050 4577; x_wconf 76' lang='grc' dir='ltr'>γάρ</span> <span class='ocrx_word' id='word_1_424' title='bbox 1073 4522 1128 4562; x_wconf 88' lang='lat' dir='ltr'>om.</span> <span class='ocrx_word' id='word_1_425' title='bbox 1154 4511 1188 4575; x_wconf 50' lang='grc' dir='ltr'>ΜἸ</span> 
     </span>
    </p>

    <p class='ocr_par' dir='ltr' id='par_1_18' title="bbox 124 4575 1245 4649">
     <span class='ocr_line' id='line_1_40' title="bbox 124 4575 1245 4649; baseline 0.001 -16"><span class='ocrx_word' id='word_1_426' title='bbox 124 4580 155 4632; x_wconf 76' lang='grc'>22</span> <span class='ocrx_word' id='word_1_427' title='bbox 172 4580 222 4647; x_wconf 81' lang='grc' dir='ltr'>διδ]</span> <span class='ocrx_word' id='word_1_428' title='bbox 241 4582 283 4633; x_wconf 83' lang='grc' dir='ltr'>διδι</span> <span class='ocrx_word' id='word_1_429' title='bbox 302 4580 330 4630; x_wconf 94' lang='grc' dir='ltr'><strong><em>Μ</em></strong></span> <span class='ocrx_word' id='word_1_430' title='bbox 353 4579 418 4643; x_wconf 78' lang='lat' dir='ltr'><strong>(jam</strong></span> <span class='ocrx_word' id='word_1_431' title='bbox 435 4585 593 4630; x_wconf 78' lang='lat' dir='ltr'>correxerat</span> <span class='ocrx_word' id='word_1_432' title='bbox 614 4580 681 4639; x_wconf 73' lang='lat' dir='ltr'>AsT}</span> <span class='ocrx_word' id='word_1_433' title='bbox 746 4575 889 4645; x_wconf 83' lang='grc' dir='ltr'>ἀπολότοις]</span> <span class='ocrx_word' id='word_1_434' title='bbox 909 4577 1008 4640; x_wconf 75' lang='grc' dir='ltr'>ἀλύτοις</span> <span class='ocrx_word' id='word_1_435' title='bbox 1027 4580 1056 4631; x_wconf 93' lang='grc' dir='ltr'><strong><em>Μ</em></strong></span> <span class='ocrx_word' id='word_1_436' title='bbox 1121 4582 1151 4632; x_wconf 82' lang='lat'>23</span> <span class='ocrx_word' id='word_1_437' title='bbox 1168 4582 1245 4649; x_wconf 85' lang='grc' dir='ltr'>ίδίως]</span> 
     </span>
    </p>
   </div>
   <div class='ocr_carea' id='block_1_9' title="bbox 126 4648 1017 4725">
    <p class='ocr_par' dir='ltr' id='par_1_19' title="bbox 126 4648 1017 4725">
     <span class='ocr_line' id='line_1_41' title="bbox 126 4648 1017 4725; baseline 0.003 -20"><span class='ocrx_word' id='word_1_438' title='bbox 126 4659 151 4711; x_wconf 71' lang='grc' dir='ltr'>οἱ</span> <span class='ocrx_word' id='word_1_439' title='bbox 169 4650 215 4708; x_wconf 81' lang='grc' dir='ltr'>δόο</span> <span class='ocrx_word' id='word_1_440' title='bbox 233 4653 260 4706; x_wconf 94' lang='grc' dir='ltr'><strong><em>Μ</em></strong></span> <span class='ocrx_word' id='word_1_441' title='bbox 325 4651 356 4702; x_wconf 78' lang='grc'>26</span> <span class='ocrx_word' id='word_1_442' title='bbox 374 4651 461 4725; x_wconf 67' lang='grc' dir='ltr'>μέγας]</span> <span class='ocrx_word' id='word_1_443' title='bbox 479 4653 542 4723; x_wconf 74' lang='grc' dir='ltr'>μέγα</span> <span class='ocrx_word' id='word_1_444' title='bbox 559 4650 586 4701; x_wconf 91' lang='grc' dir='ltr'><strong><em>Μ</em></strong></span> <span class='ocrx_word' id='word_1_445' title='bbox 651 4648 709 4716; x_wconf 77' lang='grc' dir='ltr'>τοὺς</span> <span class='ocrx_word' id='word_1_446' title='bbox 724 4648 824 4715; x_wconf 71' lang='grc' dir='ltr'>ἄλλους]</span> <span class='ocrx_word' id='word_1_447' title='bbox 838 4651 882 4719; x_wconf 79' lang='grc' dir='ltr'>τάς</span> <span class='ocrx_word' id='word_1_448' title='bbox 897 4653 974 4721; x_wconf 78' lang='grc' dir='ltr'>ἄλλας</span> <span class='ocrx_word' id='word_1_449' title='bbox 989 4653 1017 4708; x_wconf 86' lang='grc' dir='ltr'><strong><em>Μ</em></strong></span> 
     </span>
    </p>
   </div>
   <div class='ocr_carea' id='block_1_10' title="bbox 0 0 1564 5506">
    <p class='ocr_par' dir='ltr' id='par_1_20' title="bbox 0 0 1564 5506">
     <span class='ocr_line' id='line_1_42' title="bbox 0 0 1564 5506; baseline 0 1"><span class='ocrx_word' id='word_1_450' title='bbox 0 0 1564 5506; x_wconf 95' lang='lat' dir='ltr'> </span> 
     </span>
    </p>
   </div>
  </div>
 </body>
</html>
