3248 5512
688 1207 1120 1298 PROLEGOMENA

368 1845 464 1916 'Dum
491 1851 711 1907 Commentario
741 1852 770 1906 in
801 1852 987 1907 Aristotelem
1009 1869 1108 1928 graeco
1139 1847 1223 1907 curis
1257 1858 1286 1905 et
1311 1845 1461 1926 impensis

345 1943 521 2008 Academia
541 1948 646 2030 Regiae
655 1945 839 2041 Qorussic'ae
855 1951 887 2009 iu
906 1950 1169 2032 splendidissimis
1191 1949 1364 2028 iisdemque
1383 1948 1461 2029 opti·

345 2055 403 2114 mis
419 2056 607 2116 editionibus
622 2056 768 2138 paulatim
784 2057 815 2116 in
830 2056 929 2116 lucem
944 2058 1110 2138 prodeunt,
1123 2055 1238 2115 nullum
1250 2057 1287 2115 de
1299 2053 1461 2114 Commen·
1538 2137 1540 2141 y

344 2162 432 2222 tariis
444 2163 474 2221 in
484 2163 643 2222 Platonem
655 2165 689 2223 fit
699 2165 839 2235 verbum,
850 2186 982 2245 quorum
995 2165 1142 2246 pleraque
1153 2163 1247 2223 semel
1257 2198 1296 2208 —
1314 2163 1460 2223 nonnulla

343 2269 432 2328 etiarn
449 2290 613 2350 numquam
630 2305 670 2316 -
692 2272 772 2331 edita
795 2284 877 2347 sunt,
899 2292 995 2352 eaque
1012 2284 1072 2332 tam
1088 2273 1247 2343 mendose,
1269 2284 1301 2330 ut
1316 2291 1377 2330 non
1392 2271 1460 2332 siue

338 2371 438 2459 'longo
463 2381 686 2460 fastidiosoque
709 2381 815 2441 labore
837 2381 898 2462 legi
919 2382 1053 2462 possint.
1086 2380 1170 2440 lnter
1198 2399 1264 2460 quae
1291 2381 1322 2440 in
1349 2382 1460 2463 primis

341 2487 528 2546 numeranda
542 2508 609 2567 quae
626 2488 821 2568 scripserunt
831 2489 862 2548 in
876 2492 1018 2567 Gorgiam
1030 2488 1295 2560 orsumonosuu
1313 2488 1460 2548 Hunnras

341 2594 372 2652 in
396 2596 566 2653 Phaedrum.
591 2593 680 2654 Nunc
702 2594 740 2653 de
760 2594 817 2654 hoc
842 2595 909 2654 solo
933 2607 1052 2675 agatur.
1073 2594 1152 2654 Ante
1176 2594 1295 2674 primos
1319 2594 1459 2655 exeuntis

341 2701 444 2760 saeculi
468 2713 565 2760 annos
586 2702 711 2761 vixdum
733 2702 917 2769 innotuerat,
943 2721 1012 2760 cum
1035 2721 1130 2783 parva
1154 2713 1269 2760 tantum
1290 2702 1460 2780 fragmenta

340 2809 554 2869 Runnnumus
570 2810 602 2868 in
621 2813 772 2887 Plateam,
789 2808 965 2868 Munianus
980 2809 1017 2868 ad
1034 2813 1144 2879 Ionem,
1162 2807 1411 2868 Sruuuuuuustus
1427 2810 1458 2868 iu

338 2918 508 2992 anecdotis,
526 2914 696 2974 Gusnunus
719 2918 757 2975 ad
784 2918 981 2994 Orphicorum
996 2915 1122 2986 calcem,
1140 2913 1319 2974 Fiscnunus
1338 2914 1370 2973 in
1385 2911 1458 2974 Pla-

339 3019 420 3077 tonis
437 3018 636 3089 editionibus,
647 3017 710 3090 alii,
718 3016 799 3098 juris
810 3018 926 3099 publici
943 3019 1100 3090 fecissent,
1109 3038 1170 3076 uon
1182 3017 1346 3076 nominatis
1356 3030 1457 3077 tamen

338 3119 498 3178 codicibus
524 3118 637 3198 quibus
657 3118 705 3177 usi
729 3113 847 3181 essent.
876 3118 937 3178 Sed
956 3117 1020 3199 jam
1045 3118 1077 3177 in
1103 3118 1245 3177 Faunrcn
1266 3119 1458 3177 Bibliothecae

339 3225 473 3284 editione
487 3224 669 3284 Harlesiana
685 3224 759 3305 (vol.
777 3223 833 3296 111,
845 3245 877 3305 p.
894 3225 945 3304 82)
962 3227 1025 3284 lere
1040 3244 1147 3284 omnes
1166 3225 1238 3284 libri
1254 3226 1456 3306 manuscripti
1545 3270 1546 3275 η

337 3335 553 3394 indicabantur
577 3336 630 3414 qui
657 3335 791 3395 Hermiae
811 3348 875 3394 tres
896 3335 994 3395 libros
1015 3336 1237 3395 continebant:
1255 3357 1336 3416 quos
1355 3350 1456 3396 tamen

337 3464 392 3504 nec
416 3445 494 3504 vidit
522 3465 622 3524 neque
651 3445 819 3524 quidquam
844 3446 882 3504 de
908 3445 946 3504 iis
972 3458 1172 3526 percontatus
1199 3459 1245 3505 est
1277 3445 1456 3505 Fridericus

335 3552 466 3625 Assius,
483 3574 552 3612 cum
573 3573 653 3612 anno
671 3554 748 3612 1810
767 3573 803 3612 ex
824 3573 904 3613 novo
924 3554 1031 3614 codice
1051 3553 1185 3632 (Monac.
1202 3553 1257 3632 xl)
1279 3575 1314 3614 ea
1338 3553 1457 3613 scholia

336 3672 410 3738 post
423 3662 546 3718 Ploedri
559 3671 674 3718 textum
690 3659 837 3740 princeps
852 3660 972 3739 integra
987 3660 1102 3739 incepit
1115 3660 1265 3720 inserere.
1285 3660 1339 3720 Ille
1355 3672 1455 3719 autem

336 3767 435 3825 codex
454 3767 535 3825 inter
548 3765 704 3846 pessimos
719 3785 824 3824 eorum
836 3764 995 3824 habendus
1011 3778 1058 3824 est
1073 3786 1204 3845 quorum
1214 3767 1365 3826 beneficio
1375 3765 1454 3825 Her·

337 3874 413 3932 miae
429 3876 466 3934 ad
486 3885 624 3933 nostram
648 3873 791 3954 pervenit
815 3873 972 3945 notitiam;
989 3875 1067 3933 adde
1087 3876 1170 3953 quod
1191 3894 1259 3933 eum
1285 3894 1346 3933 non
1378 3875 1454 3934 satis

334 3993 475 4039 accurate
491 3980 647 4040 recensuit
657 3980 783 4053 Astius;
798 3980 956 4040 deinde'in
970 3979 1111 4060 legendis
1126 3980 1259 4061 plagulis
1274 4001 1383 4062 parum
1397 3982 1454 4041 suit

334 4086 482 4166 diligens,
506 4087 548 4146 ita
568 4100 601 4146 ut
626 4087 796 4167 sepissime
821 4087 909 4166 signa
933 4086 1142 4146 distinctionis
1161 4087 1210 4146 vel
1232 4088 1386 4149 defuerint
1404 4090 1454 4150 vel

334 4194 569 4265 abundaverint,
587 4214 807 4273 nonnunquam
832 4214 904 4253 casu
932 4194 963 4252 in
982 4193 1122 4253 oratione
1138 4193 1281 4274 dispersa
1308 4214 1377 4254 esse
1400 4196 1453 4256 vi-

332 4300 463 4360 deantur
469 4324 476 4372 ;
492 4300 625 4379 denique
641 4299 741 4359 editor
755 4312 816 4359 tam
830 4299 883 4359 vili
899 4299 1035 4359 chartaet
1049 4300 1133 4381 typis
1146 4312 1207 4360 tam
1219 4301 1344 4362 minutis
1355 4322 1448 4383 pres·

333 4407 439 4487 sisque
457 4426 533 4466 usus
558 4419 605 4465 est
630 4418 663 4465 ut
684 4405 818 4486 legentis
842 4406 923 4465 oculi
939 4425 1001 4465 non
1016 4405 1118 4465 miuus
1131 4426 1222 4485 quam
1237 4427 1324 4466 mens
1339 4428 1450 4468 excru-

312 4515 461 4595 cientur.
481 4514 587 4594 ltaque
606 4533 668 4572 non
690 4515 782 4572 modo
801 4513 903 4572 omnia
928 4532 996 4592 quae
1019 4513 1051 4571 in
1074 4511 1207 4573 Hermiae
1229 4515 1449 4575 commentario

254 4631 278 4693 a·
312 4613 314 4618 ¹
331 4622 380 4681 vel
394 4624 559 4682 adtentum
582 4617 722 4680 Platonis
739 4622 862 4678 Phaedrt'
876 4621 1112 4693 recensendum,
1128 4620 1178 4680 vel
1197 4623 1235 4680 ad
1257 4641 1307 4683 res
1324 4636 1449 4684 senten·

332 4729 453 4808 tiaeque
468 4728 667 4809 explicandas
681 4726 849 4807 pertinent,
866 4727 965 4788 adhuc
980 4727 1146 4803 latuerunt,
1161 4731 1259 4791 sedet
1276 4751 1311 4791 ea
1325 4750 1393 4810 quae
1407 4733 1446 4792 de
