3164 5512
399 426 406 435 ‘
432 428 487 479 ΕΙΣ
508 428 570 479 1·οΝ
591 426 768 480 ΠΛΑΤΩΝΟΣ
788 425 930 477 mmor<
954 426 1077 478 ΣΧΟΛΙΔ
1273 434 1318 486 203

99 584 165 652 [172]
199 580 348 662 φιλόσοφον
372 579 414 639 διὰ
436 587 489 639 τῶν
510 583 645 655 αἰσθητῶν
666 581 772 640 οἴεσθαι
794 580 962 665 [λέγειν]τὺ
985 581 1082 655 νοητὸν
1104 581 1147 640 διὰ
1167 587 1214 639 τοὺ
1235 602 1318 661 προσ-

198 679 327 737 ἅπτεσθαι
346 680 391 737 καὶ
413 681 605 759 προσομιλεῖν·
629 682 697 760 ἅπερ
718 680 793 745 ἐκτὸς
818 682 932 762 αἰσχρᾶς
956 682 1083 744 ὑπονοίας
1107 680 1148 739 δεῖ
1170 676 1319 756 λαμὺἐνειν

199 778 236 842 ὡς
249 778 295 834 καί
310 777 353 835 ἐπὶ
365 778 490 858 πατέρων
506 781 550 836 καὶ
565 777 670 836 παίδων
685 780 730 835 καί
746 778 872 861 σίδελρῶν
888 776 942 837 ἔστι
959 779 1128 858 περιπλοκὰς
1143 779 1188 835 καί
1204 777 1318 855 ὁμιλίας

198 875 265 934 ίδεῖν
280 875 343 934 ἄνευ
357 877 471 960 αίσγρᾶς
488 878 625 943 ὑπονοίας.
641 883 754 935 Τοιαῦτα
769 876 815 935 οὑν
830 876 870 936 δεῖ
884 878 989 936 όκοὺειν
1003 878 1049 936 καὶ
1065 877 1108 935 ἐπὶ
1122 885 1170 935 τοῦ
1190 882 1235 935 νῦν
1256 879 1320 935 ἀκο-

151 981 165 1030 5
198 969 298 1033 λάστου
314 974 473 1055 λεγομένου·
490 974 576 1057 δῆλον
594 975 622 1034 δέ
637 972 663 1043 ἐξ
679 979 717 1034 ῶν
732 977 812 1042 αὐτὸς
827 976 1000 1058 παρακατιὼν
1013 998 1080 1058 ρησι
1094 977 1153 1057 περὶ
1168 975 1262 1046 αὑτοῦ,
1280 976 1320 1032 ότι

197 1072 242 1129 καὶ
264 1073 340 1130 οὑτοι
361 1075 541 1155 ὑπόπτεροι
560 1076 693 1153 γίνονται·
715 1074 764 1132 οὑκ
783 1074 813 1132 δν
832 1073 860 1132 δέ
880 1072 1045 1157 ὑποπτέρους
1061 1073 1158 1139 αὑτοὺς
1178 1071 1259 1153 ἔλεγε
1275 1075 1319 1153 γί-

197 1174 296 1243 νεσθαι,
314 1172 426 1254 αἰσχρόν
441 1195 466 1230 τι
482 1173 505 1231 εί
521 1170 593 1252 ἔλεγε
608 1174 668 1253 περί
684 1173 781 1234 αὐτῶν.

238 1334 289 1402 οζ’,
313 1333 341 1391 '0
363 1333 395 1393 δέ
416 1340 481 1392 τῶν
501 1333 678 1413 παιδικῶν]
701 1336 760 1395 256
781 1335 827 1423 A?

237 1479 401 1537 Τουτέστινό
415 1486 464 1536 τοὺ
482 1479 618 1560 ἐρωμένου
631 1479 714 1544 *ίππος
728 1477 824 1536 οὐδέν
841 1477 909 1560 ἐχει
926 1479 1043 1537 εἰπεῖν·
1062 1476 1124 1535 οὐδὲ
1137 1478 1187 1557 γὰρ
1203 1475 1258 1535 εἶδε
1273 1476 1320 1534 τόν
1345 1558 1348 1564 .

136 1578 168 1631 10
200 1574 313 1657 ἐραστὴν
329 1574 573 1657 προσπλεκόμενον
592 1576 665 1653 αὑτῷ
683 1575 726 1634 διό
743 1599 801 1633 τινα
819 1577 932 1658 αίσχρδν
953 1577 1080 1634 ὑπόνοιαν
1099 1577 1144 1632 καί
1163 1575 1320 1650 σωματικὸν

198 1672 314 1740 κάλλος·
333 1674 410 1751 ὅμως
431 1672 459 1733 δέ
478 1682 630 1757 σπαργῶν
648 1677 692 1732 καὶ
711 1674 849 1751 ἐπιθυμῶν
866 1675 1039 1757 ριλοιρρόνως
1056 1675 1161 1753 στέργει
1174 1673 1218 1730 καί
1234 1694 1320 1753 περι-

199 1769 322 1833 όσίλλει
339 1774 395 1830 τὸν
414 1773 563 1855 ἐραστήν.
1303 1763 1305 1767 ’

239 1937 295 2007 οη’.
318 1931 413 1992 Ὅταν
434 1932 467 1991 δὲ
488 1931 791 2013 συγκατακέωνται]
815 1933 873 1992 256
895 1931 933 1997 Α.

238 2079 300 2136 Ὅτι
322 2076 351 2136 δέ
371 2085 455 2137 ταῦτα
476 2078 563 2142 οὑτως
585 2076 653 2158 ἔχει,
677 2073 748 2133 ἐσται
769 2098 811 2133 σοι
833 2076 865 2132 τὰ
886 2075 969 2154 ἐντῷ
990 2073 1172 2150 Συμποσίῳ
1191 2072 1320 2153 εἰρημένα

137 2181 167 2230 15
199 2175 347 2257 ἐξηγητικᾶ
360 2177 476 2248 τούτων,
492 2173 553 2234 ἐνθα
572 2174 664 2254 ἔλεγεν
680 2171 852 2247 Ἀλκιὺιόδης
874 2199 888 2230 ιι
906 2174 1079 2255 Σώκρατες
1098 2170 1285 2245 καθεόδεις;
1304 2194 1319 2225 υ

198 2276 329 2351 Ἓτοιμος
349 2274 396 2334 οὑν
415 2275 484 2333 ἐστιν
499 2277 513 2331 ό
527 2281 591 2339 παῖς
609 2275 766 2355 χαρίζεσθαι
779 2279 818 2349 τῶ
833 2272 931 2352 ἐραστῇ
947 2273 970 2330 εί
986 2264 1150 2351 βουληθείη.
1170 2270 1243 2342 Δότη
1259 2268 1287 2326 δέ
1301 2273 1320 2340 η

194 2372 328 2456 ’ἐξήγησις
341 2380 389 2433 τοῦ
403 2373 569 2457 φαινομένου
584 2373 667 2434 ἐστίν.

239 2539 290 2600 σθ’.
314 2537 343 2594 ‘0
360 2536 393 2595 δὶ
414 2532 550 2617 όμόζυξ]
573 2537 632 2595 256
653 2534 690 2594 Α.

239 2680 361 2760 Τουτέστι
382 2680 413 2737 τὸ
434 2679 552 2754 θυμικὸν
572 2675 750 2735 ἀντιτείνει
770 2676 836 2755 πρὸς
856 2677 906 2746 τήν
923 2673 1049 2746 τοιαὺτην
1067 2672 1157 2755 χάριν,
1178 2672 1217 2746 μὴ
1235 2691 1322 2728 κατα-

136 2779 168 2830 20
199 2780 349 2862 φερόμενον
364 2778 401 2843 είς
417 2777 530 2858 αίσχρὰν
545 2775 682 2835 ὑπόνοιαν.

238 2943 278 3001 π’.
303 2938 373 2998 Ἐὰν
396 2939 453 3014 μέν
475 2937 512 3009 δὴ
536 2935 598 2995 οὑν»
613 2937 659 3001 είς
680 2932 899 3015 τεταγμένην]
922 2935 981 2992 256
1003 2897 1055 2993 Α.)

182 3089 188 3106 ”
238 3081 323 3141 Ὅταν
342 3081 393 3138 ὦσι
409 3080 504 3145 καλῶς
521 3080 702 3159 τεθραμμένοι
720 3079 850 3156 <καί>
867 3077 1036 3159 φιλοσόφως,
1052 3081 1107 3135 τῶν
1126 3079 1256 3151 μαθητῶν
1275 3075 1320 3132 καῖ
1350 3108 1357 3115 ·

200 3181 369 3241 διδασκάλων
388 3181 433 3237 καί
452 3178 521 3235 ἐθῶν
539 3178 584 3234 καὶ
605 3175 826 3252 ἐπιτηδευμάτων
845 3176 953 3254 οἰγσθῶν
971 3176 1112 3257 τυχόντες,
1128 3175 1191 3231 τότε
1210 3174 1256 3231 καί
1275 3173 1322 3229 τὸν

93 3279 183 3331 ί*721*
199 3281 350 3340 ἀκόλαστον
378 3279 383 3358 ]
409 3277 494 3335 ’ίππον
518 3277 670 3333 ἀνασπῶσιν
693 3274 736 3332 ἐπὶ
754 3275 785 3331 τό
807 3272 872 3346 ἄνω,
896 3272 1066 3339 διδάσκοντες
1089 3273 1130 3330 ότι
1152 3272 1182 3330 οὖ
1205 3269 1248 3329 διὰ
1267 3277 1322 3328 τῶν

138 3378 168 3428 25
200 3382 337 3452 αἰσθητῶν
350 3375 442 3435 καλῶν
459 3376 595 3455 περιέποι
609 3374 680 3453 αὐτῷ
694 3377 712 3444 ἡ
727 3377 775 3429 τοῦ
792 3377 890 3444 νοητοῦ
905 3373 968 3431 θέα.
984 3406 1024 3417 -
1040 3373 1075 3428 Τό
1095 3369 1124 3428 δέ
1143 3371 1321 3450 ἐγκρατεῖς

200 3479 317 3549 αὑτῶν,
337 3475 456 3534 τουτέστι
471 3477 652 3554 κρατήσαντες
672 3481 722 3544 τῆς
742 3476 932 3551 γενεσιουργοῖι
944 3471 1057 3552 ’ρὺσιως
1077 3471 1123 3527 καὶ
1145 3472 1182 3545 μὴ
1206 3467 1248 3527 διὰ
1267 3473 1322 3526 τῶν

200 3579 335 3649 αἰσθητῶν
350 3575 525 3656 ἀναχθέντες.

239 3734 298 3798 πα’.
322 3735 372 3794 Ὠι
390 3736 489 3792 κακία
510 3738 612 3815 ψυχῆς
635 3728 838 3811 ἐνεγίγνετο]
861 3729 920 3788 256
939 3727 975 3787 Β.

238 3878 273 3936 Τὸ
291 3874 484 3951 ἐπιθυμητικόν
498 3871 579 3952 λέγει·
595 3872 649 3929 τίνι
662 3871 713 3950 γὰρ
728 3867 808 3944 όιλλῳ
824 3868 956 3947 ἐγγίνεται
971 3870 989 3939 ἡ
1004 3868 1087 3926 κακία
1102 3868 1119 3938 ἢ
1135 3873 1173 3947 τῷ
1189 3867 1323 3942 ἐπιθυμη·
1408 3889 1411 3895 ·

229 4113 244 4162 5
260 4108 422 4177 παρακατιὼν
435 4107 482 4160 256
498 4106 520 4156 Β
584 4104 615 4155 11
632 4100 742 4153 Convt'o.
758 4099 839 4152 2180

231 4241 405 4308 ΝΟῙλίγειν
419 4238 519 4290 seclusi
583 4233 884 4297 3ιιιὶροειὼςοω.Μ
948 4233 1050 4284 7είεα
1068 4238 1125 4285 εῖΑ
1189 4234 1323 4303 θόσοὺι,

198 4318 222 4365 Α
286 4310 379 4377 θεῖδι]
396 4308 451 4379 εἶχε
471 4310 498 4358 Μ
562 4308 593 4359 13
610 4306 679 4368 όταν,
695 4306 708 4357 ίί
723 4304 796 4355 rubr.
817 4308 841 4353 Α
905 4301 941 4368 ὑί]
957 4322 983 4355 τε
1001 4305 1029 4354 Μ
1049 4305 1119 4355 Plan.
1184 4306 1214 4357 15
1231 4311 1324 4374 ἑξηγη.

197 4383 265 4450 τικδ]
281 4381 454 4449 ίίηγηματικίι
471 4379 499 4429 Μ
566 4377 596 4428 16
616 4378 714 4440 ίτοιμος
734 4374 764 4423 Μ
829 4373 972 4440 βουληθείη]
992 4378 1137 4441 βονλιυίίείη
1160 4377 1187 4426 Μ
1254 4378 1322 4429 18ό

199 4456 273 4506 rubr.
295 4458 320 4504 Α
383 4453 413 4503 21
435 4452 488 4511 ἐὰν,
509 4453 520 4501 ἐ
539 4448 612 4499 rubr.
632 4452 657 4498 Α
720 4445 751 4496 22
771 4447 814 4496 καί
833 4442 926 4494 addidi
988 4445 1018 4495 23
1041 4445 1113 4511 ἐθῶν]
1133 4450 1209 4498 ἐθνῶν
1231 4448 1260 4497 Μ

199 4527 231 4578 26
250 4526 332 4578 αὑτῶν
351 4527 433 4576 etiam
458 4523 527 4572 Plat.
549 4519 628 4571 codd.
652 4518 700 4568 ΒΤ
722 4531 729 4568 :
752 4517 834 4581 αὐτῶν
855 4517 882 4565 Μ
948 4515 980 4567 28
1004 4511 1117 4568 &ruht
1140 4521 1164 4567 Α
1187 4522 1231 4582 (ὡς
1255 4520 1326 4570 Pht:

201 4597 260 4648 cod.
276 4598 310 4662 B)
375 4598 512 4662 ἐνεγίγνετο
528 4593 562 4642 Α·
574 4590 646 4654 (fort.
662 4592 783 4656 ἐντγίνετο
796 4586 831 4653 Α)
845 4595 852 4636 t
868 4588 961 4654 ἐγίνετο
979 4587 1030 4638 ΕΜ
