3150 5504
338 514 369 567 84
463 564 465 567 v
722 502 863 558 ΕΡΜΕΙΟΥ
884 501 1080 558 (01.1οΣοΦοΥ

237 665 304 733 [103]
338 659 476 735 μαίνεσθαι
490 660 568 717 αῦτθν
579 661 624 721 καί
636 659 803 732 ἐξεστηκέναι
816 656 1072 735 ἐλαμόάνετο,ἀῦτὸ
1085 666 1163 717 τοῦτο
1176 656 1269 718 λαθὼν
1283 662 1297 716 ό
1311 659 1456 740 Σωκράτης

336 757 464 815 δείκνυσιν
480 757 533 838 οὐχ
547 757 670 815 ἁπλοῦν
685 758 715 815 δν
727 759 758 815 τδ
769 767 822 830 ,τῆς
838 759 933 833 μανίας
947 756 1044 833 ὄνομα.
1061 758 1098 815 Ἢ
1111 758 1160 838 γδιρ
1175 759 1266 834 μόνως
1279 758 1364 815 κακόν
1379 758 1456 828 ἐστιν,

284 875 286 879 ’
334 856 353 927 ἢ
370 838 460 931 μόνως
475 856 587 935 ἀγαθόν,
610 858 698 936 (τοῦτο
718 857 769 936 γὰρ
788 856 900 928 <ίίν>
918 858 952 927 ἦν
973 855 1073 913 ἁπλοῦν
1093 856 1170 935 εἶναι)
1192 856 1209 927 ἦ
1229 859 1274 913 καί
1293 857 1394 935 ἀγαθὸν
1412 858 1457 913 καί

334 955 428 1015 κακόν.
449 956 478 1011 Er
499 955 547 1030 μέν
565 958 615 1035 γὰρ
636 956 727 1029 μόνως
749 956 832 1011 κακὸν
855 954 986 1029 ἐσήμαινε
1007 961 1086 1012 τοῦτο
1106 955 1135 1012 τὸ
1158 953 1274 1024 ἁπλοῦν,
1295 955 1404 1019 πάντως
1426 954 1457 1010 ἂν

288 1059 303 1108 5
334 1059 429 1133 χεῖρον
443 1053 476 1121 ἧν
490 1059 538 1110 τοῦ
553 1059 709 1134 σωρρονεῖν·
729 1054 751 1109 εί
766 1051 789 1110 δ’
805 1051 838 1110 αῦ
851 1053 935 1110 πόλιν
954 1054 1043 1128 μόνως
1059 1053 1160 1131 ἀγαθὸν
1177 1055 1223 1129 ῆν,
1242 1054 1260 1123 ἢ
1279 1053 1348 1110 κατά
1366 1075 1391 1109 τι
1409 1055 1457 1128 μέν
1516 1110 1520 1130 ,

334 1150 434 1229 ἀγαθὸν
452 1151 519 1207 κατθ
538 1173 564 1207 τι
582 1149 611 1207 δὲ
629 1152 724 1223 κακὸν,
743 1151 793 1207 οῦκ
812 1151 889 1231 ἀρκεῖ
908 1152 938 1207 τὸ
960 1152 1029 1208 εἶναι
1048 1152 1146 1229 ἀγαθὸν
1162 1153 1213 1222 τὴν
1236 1151 1336 1226 μανίαν
1350 1152 1415 1231 πρὸς
1427 1153 1456 1208 τδ

333 1251 377 1305 καί
395 1249 508 1329 κρείττω
529 1249 597 1306 εἶναι
615 1255 663 1305 τοῦ
682 1254 839 1329 σωφρονεῖν·
860 1249 886 1304 τί
902 1250 952 1328 γὰρ
969 1251 991 1306 εί
1011 1247 1121 1306 ἔλαττον
1140 1249 1241 1328 ἀγαθὸν
1263 1248 1327 1323 sim
1351 1251 1396 1306 Διὸ
1418 1248 1457 1307 δεῖ

334 1345 418 1414 δεῖξαι
439 1346 480 1403 ὅτι
500 1347 567 1426 πρὸς
586 1353 624 1421 τῷ
644 1348 737 1425 ἀγαθῷ
756 1348 801 1403 καί
824 1350 916 1421 μεῖζον
934 1347 1032 1426 ἀγαθόν
1051 1347 1107 1404 ἐστι
1127 1353 1175 1404 τοῦ
1195 1354 1354 1428 σωρρονεῖν·
1377 1353 1456 1405 τοῦτο

333 1443 365 1516 δὴ
385 1446 430 1501 καί
447 1447 568 1517 ποιήσει,
588 1446 633 1501 καί
652 1443 731 1510 δείξει
751 1445 824 1516 ότιῆ
844 1445 970 1525 κρείττων
988 1451 1036 1503 τοῦ
1055 1454 1205 1527 σωφρονεῖν
1226 1446 1310 1521 μανία
1331 1452 1386 1503 τῶν
1407 1468 1456 1522 με·

271 1547 302 1598 10
333 1543 431 1620 γίστων
451 1536 642 1621 ἐγαθῶνόιίτία
659 1542 713 1599 ἐστί
733 1549 791 1606 τοῖς
807 1543 965 1623 ἀνθρώπου,
981 1545 1025 1600 καί
1040 1544 1093 1625 οὐχ
1108 1542 1201 1608 ἁπλῶς
1218 1544 1344 1622 μέγιστον
1358 1544 1456 1623 ἀγαθόν

333 1640 404 1698 ἐστιν
421 1643 438 1712 ἡ
456 1641 546 1715 μανία,
567 1639 631 1699 ἀλλ’
647 1641 715 1697 αίτία
734 1643 779 1697 καί
799 1644 889 1720 μῆτηρ
907 1648 963 1698 τῶν
982 1642 1118 1720 μεγίστων
1139 1642 1250 1720 ἀγαθῶν
1269 1642 1334 1701 ἐστι.
1352 1643 1397 1698 Διδ
1412 1644 1455 1698 καί

334 1739 464 1816 μειζόνως
478 1738 561 1810 αὐτὴν
576 1739 697 1813 ἀνυμνεῖ.
714 1740 744 1796 Er
760 1738 788 1795 δέ
801 1741 846 1796 καί
865 1739 894 1797 ἐκ
912 1746 986 1797 θεῶν
1004 1739 1131 1797 ἐνδίδοται
1147 1741 1185 1805 ὡς
1201 1740 1256 1820 ἐρεῖ
1270 1747 1326 1798 τῶν
1341 1741 1456 1820 ἀκροτά-

331 1859 385 1894 των
402 1838 510 1916 ἀγαθῶν
531 1836 561 1893 δν
581 1835 626 1909 εἴη
649 1837 730 1893 αίτία·
755 1839 777 1894 εί
798 1836 826 1894 δέ
843 1839 888 1895 καί
911 1840 1049 1919 ὁπρῶτος
1073 1836 1140 1918 ἔρως
1164 1840 1209 1895 καί
1234 1842 1248 1895 ὁ
1270 1841 1352 1913 μέσος
1374 1841 1419 1895 καί
1441 1840 1455 1896 ὁ

332 1934 446 2018 ἔσχατος
473 1933 593 1993 ἔκστασιν
622 1935 765 2010 ἐμποιοῦσι
792 1937 837 1993 καί
865 1938 973 2012 μανίαν,
1002 1938 1024 1993 εί
1049 1938 1094 1994 καί
1117 1936 1232 2018 διάφορα
1256 1938 1289 1994 τὰ
1315 1936 1379 2009 είδη
1403 1944 1454 1993 τῶν

270 2037 300 2090 15
334 2040 447 2111 μανιῶν,
464 2032 549 2093 ἔοικεν
564 2034 628 2091 αῦτδ
643 2041 722 2092 τοῦτο
738 2033 809 2092 ίδιον
825 2034 893 2092 εἶναι
907 2041 955 2092 τοῦ
970 2031 1084 2115 ἔρωτος,
1105 2037 1135 2092 τὸ
1157 2037 1255 2111 μανίαν
1273 2037 1319 2092 καί
1338 2034 1456 2093 ἔκστασιν

332 2131 455 2209 ἐμποιεῖν
471 2140 509 2208 τῷ
524 2117 703 2214 κατεχομένῳ
720 2132 764 2190 ὑπ’
781 2133 873 2193 αὐτοῦ.

373 2284 411 2362 β’.
435 2283 472 2341 Ἥ
492 2306 526 2343 τε
548 2285 609 2364 γὰρ
634 2284 670 2356 δὴ
697 2284 729 2341 ἐν
751 2283 897 2367 Δελιροῖς
920 2288 1097 2368 προφῆτις]
1123 2286 1182 2345 244
1203 2285 1241 2349 A.

370 2428 405 2483 Τδι
424 2428 473 2501 μέν
490 2432 546 2482 τῶν
564 2425 652 2504 ῥητῶν
671 2424 697 2481 ἐν
716 2431 774 2490 τοῖς
795 2424 858 2496 ἐξῆς
874 2432 1068 2507 σαρηνιοῦμεν,
1085 2425 1193 2499 Ἐπειδῆ
1210 2425 1238 2483 δέ
1254 2427 1382 2507 τέσσαρας
1399 2449 1453 2502 μα-

329 2524 395 2598 νίας,
415 2523 549 2582 τουτέστιν
568 2522 778 2598 ἐνθουσιασμοὺς
798 2525 842 2580 καί
864 2527 1027 2606 κατοκωχίις
1040 2525 1077 2583 ἐκ
1098 2532 1183 2594 θεῶν,
1207 2525 1320 2583 ἐνταῦθα
1341 2523 1453 2606 παραδί-

268 2639 299 2688 20
331 2620 437 2681 δωσινθ
454 2623 578 2696 Πλάτων,
597 2625 740 2698 μουσικῆν,
757 2621 924 2696 τελεστικὴν,
945 2627 1086 2699 μαντικῆν,
1104 2623 1245 2703 ἐρωτικῆν,
1261 2626 1313 2705 πρὸ
1329 2631 1379 2683 τοῦ
1397 2627 1454 2705 περί

330 2724 444 2795 ἐκάστης
464 2723 557 2799 εἰπεῖν,
577 2721 639 2801 περί
660 2720 855 2796 ἐνθουσιασμοῦ
869 2728 976 2802 πρῶτον
991 2723 1099 2800 ῥητέον,
1115 2731 1195 2780 ποῖον
1211 2724 1306 2803 μόριόν
1322 2724 1392 2781 ἐστιν
1405 2732 1452 2794 τῆς

329 2824 420 2903 ψυχῆς
433 2822 463 2877 τδ
477 2820 631 2892 ἐνθουσιῶν,
647 2821 692 2878 καί
708 2821 732 2878 εί
744 2828 795 2877 πᾶν
809 2821 903 2899 μόριον
919 2821 1052 2898 ἐνθουσιᾷ,
1068 2822 1112 2877 καί
1126 2823 1148 2878 εί
1160 2828 1211 2886 πᾶς
1226 2822 1415 2897 ἐνθουσιασμὸς
1427 2821 1455 2878 ἐκ

330 2926 416 2991 θεῶν,
429 2921 474 2976 καί
492 2919 519 2976 ἐν
532 2920 605 2993 ποίῳ
621 2918 710 2999 μορίῳ
724 2927 774 2991 τῆς
787 2922 880 3000 ψυχῆς
894 2921 972 2984 οῦτος
987 2919 1121 2998 ἐγγίνεται
1135 2920 1152 2991 i}
1170 2918 1249 2994 ἀ’λλῳ
1264 2921 1315 2976 τινί
1326 2920 1453 3000 κρείττονι

330 3022 429 3098 ψυχῆς.
448 3024 504 3075 Ποῦ
517 3017 564 3074 οῦν
581 3017 753 3091 μάλιστακαὶ
766 3017 805 3083 τίς
820 3021 834 3074 ὁ
848 3019 947 3097 κυρίοις
961 3019 1006 3074 καί
1019 3019 1133 3098 πρώτως
1144 3017 1292 3096 λεγόμενος
1307 3018 1453 3076 ἐνθουσιασ-

267 3130 298 3180 25
332 3115 397 3192 μός;
408 3123 464 3186 Τῆς
475 3113 507 3186 δὴ
519 3113 631 3192 λογικῆς
641 3118 731 3196 ψυχῆς
742 3115 791 3171 εἰσι
804 3115 872 3195 μέρη
885 3113 943 3187 iio,
951 3117 981 3172 τὸ
994 3117 1041 3190 μέν
1051 3114 1163 3187 διάνοια,
1174 3116 1204 3171 τὸ
1216 3113 1245 3172 δέ
1252 3114 1327 3182 δόξα·
1337 3116 1417 3174 πάλιν
1427 3114 1454 3172 δέ

330 3220 380 3283 τῆς
397 3210 515 3277 διανοίας
531 3212 562 3268 τὸ
579 3212 627 3286 μέν
641 3212 785 3280 πεζότατον
799 3212 908 3291 λέγεται
922 3216 966 3269 καί
978 3215 1076 3294 κυρίως
1090 3215 1144 3271 ἐστί
1159 3212 1272 3285 διάνοια,
1287 3215 1318 3271 τό
1334 3213 1362 3272 δέ
1376 3215 1454 3295 ἀκρό-

273 3348 275 3351 v
330 3333 408 3367 τατον
425 3313 440 3367 θ
459 3312 503 3368 καί
522 3318 585 3375 νοῦς
606 3311 690 3382 αὐτῆς
711 3311 829 3388 λέγεται,
852 3313 918 3369 καθὸ
940 3312 1057 3387 μάλιστα
1076 3313 1155 3394 νυερδι
1174 3315 1275 3393 γίνεται
1293 3317 1310 3385 ί,
1332 3316 1420 3395 ψυχή,
1440 3315 1453 3369 δ

329 3410 374 3465 καὶ
390 3407 528 3486 δυνάμει
543 3414 619 3466 νοῦν
633 3431 701 3474 τινες
716 3408 857 3469 ἐκάλεσαν.
868 3410 955 3467 ’Άλλο
972 3408 1000 3468 δέ
1014 3411 1083 3468 ἐστιν
1099 3413 1164 3492 ὑπἐρ
1176 3419 1256 3471 τοῦτο
1271 3412 1286 3469 θ’
1295 3411 1364 3470 ἐστιν
1377 3410 1454 3491 ἀκρό-

330 3529 411 3564 τατον
431 3516 480 3578 τῆς
501 3508 589 3579 πάσης
612 3511 704 3588 ψυχῆς
724 3508 768 3562 καί
790 3507 958 3581 ἐνικώτατον,
982 3510 996 3564 δ
1018 3517 1082 3565 πᾶσι
1100 3512 1132 3566 τὰ
1152 3509 1236 3587 ἀγαθὰ
1256 3507 1336 3566 Βέλει
1354 3510 1399 3565 καί
1417 3510 1455 3564 ἀεί

268 3619 299 3668 30
331 3607 407 3662 ἐαυτδ
423 3603 561 3662 ἐπιδίδωσι
575 3614 634 3671 τοῖς
653 3614 744 3676 θεοῖς,
765 3607 809 3662 καί
828 3607 893 3686 ὅπερ
912 3605 942 3663 ἃν
959 3606 1057 3664 ἐκεῖνοι
1077 3609 1231 3685 βούλωνται
1248 3615 1328 3666 τοῦτο
1345 3606 1454 3683 ἕτοιμον

331 3704 464 3780 ἐμποιεῖν·
481 3706 495 3760 δ
510 3705 554 3761 καί
568 3704 597 3760 ἐν
611 3704 716 3782 λέγεται
730 3713 779 3777 τῆς
793 3708 885 3785 ψυχῆς
899 3706 936 3781 [ο]
952 3707 997 3761 καί
1010 3702 1125 3781 ίνδαλμα
1135 3706 1208 3788 ρέρει
1222 3713 1269 3763 τοῦ
1283 3705 1452 3787 θπερουσίουΙ

223 3807 313 3857 Μία·
330 3803 401 3873 ἐνὸς,
422 3810 507 3860 πᾶσαν
524 3804 609 3870 ἐνίζον
628 3805 677 3875 τὴν
693 3806 795 3883 ψυγῆν.
819 3801 878 3859 “οτι
896 3802 924 3859 δέ
943 3805 987 3860 καί
1006 3804 1153 3883 ἀναγκαῖον
1173 3812 1256 3863 ταῦτα
1274 3805 1362 3870 οὕτως
1380 3804 1454 3886 ἔχειν

332 3900 464 3975 μάθοιμεν
477 3900 507 3956 ίίν
522 3900 651 3958 ἐντεῦθεν·
668 3905 686 3973 ί,
701 3901 797 3979 λογική
817 3903 893 3981 ψυχὴ
907 3902 978 3980 παρά
992 3925 1021 3959 τε
1038 3909 1093 3958 τῶν
1106 3905 1158 3983 πρὸ
1170 3906 1267 3976 ἑαυτῆς
1283 3903 1377 3960 αἰτίων
1392 3903 1454 3959 πείν-

360 4108 422 4159 TIT
439 4108 469 4160 17
484 4111 539 4175 περὶ
555 4110 740 4170 ἐνθουσιασμοῦ
758 4106 779 4156 C
841 4107 872 4156 25
889 4110 946 4174 περὶ
960 4118 1009 4159 τῶν
1023 4117 1066 4173 τῆς
1081 4113 1164 4176 ψυχῆς
1180 4109 1311 4173 δυνάμεων
1326 4109 1347 4162 C

361 4226 409 4277 Nc
424 4226 437 4277 1
453 4230 495 4277 καὶ
510 4239 565 4277 om.
581 4226 609 4274 M
674 4224 688 4273 3
707 4223 736 4275 ἂν
751 4223 843 4274 addidi
906 4225 921 4272 4
940 4224 982 4288 μὲν
996 4238 1050 4274 om.
1064 4225 1092 4274 M
1160 4230 1241 4290 μόνως
1253 4226 1366 4290 scripsi:
1381 4231 1454 4289 μόνον

329 4295 393 4349 libri
454 4298 521 4366 8ιῴ
539 4296 635 4364 ἀγαθῷ]
654 4297 695 4346 τὸν
717 4296 811 4360 ἀγαθὸν
827 4296 853 4345 Μ
871 4308 877 4343 :
896 4308 993 4346 sensus
1008 4301 1049 4346 est
1065 4311 1070 4346 :
1087 4313 1100 4344 ιι
1116 4303 1248 4360 μιοεισιειι
1262 4298 1337 4361 quod
1352 4299 1453 4348 bonum

329 4370 479 4432 quidest»
542 4367 702 4430 9ήοιιι.ῐ)
768 4367 798 4416 10
819 4368 997 4418 ίστὶαὶτίαΜ
1061 4368 1218 4431 17ῆιιιθι.
1237 4373 1260 4419 Α
1327 4370 1356 4420 19
1378 4388 1455 4421 κατα-

328 4443 415 4509 κοιχές
437 4442 465 4491 Μ
530 4440 561 4489 20
581 4438 640 4506 πρὸ]
661 4440 715 4505 περί
739 4438 766 4487 Μ
788 4438 861 4500 (jam
877 4445 1034 4490 correxerat
1053 4444 1127 4503 Αετ)
1192 4441 1223 4491 22
1245 4445 1381 4493 ἐνθουσιῶν
1401 4443 1452 4492 Α’;

329 4517 472 4564 ἐνθουσιοῦν
485 4511 589 4561 A¹CED
603 4525 609 4558 :
623 4513 752 4561 ἐνθουσιᾶν
764 4510 792 4559 Μ
858 4512 878 4560 εί
893 4516 958 4560 anie
971 4516 1019 4569 πᾶς
1029 4526 1084 4561 oni.
1097 4512 1120 4560 D
1184 4512 1214 4563 23
1231 4513 1298 4564 όίλλώ
1311 4533 1358 4564 τινι
1369 4517 1392 4563 Α

327 4583 532 4649 θῖνοῦςῙνῦνΙ)
596 4582 686 4631 θθκσιί
702 4587 763 4645 post
779 4586 861 4648 ψυχῆς
876 4583 976 4632 om.M
1041 4584 1182 4649 τάγαθὰΜ
1247 4584 1279 4633 30
1294 4588 1337 4636 καὶ
1352 4585 1450 4638 ouhM

328 4655 357 4706 31
376 4657 388 4706 δ
404 4650 504 4706 seclusi
568 4655 597 4704 33
617 4652 735 4717 μάθοιμεν
750 4653 847 4718 scripsi
862 4667 868 4701 τ
886 4652 1002 4717 μάθωμεν
1020 4655 1083 4706 libri
1148 4657 1234 4707 αἰτιῶν
1253 4657 1281 4706 Μ
