3150 5504
356 503 412 555 ωε
432 504 494 556 των
516 503 693 554 πλιτονοι
715 503 858 554 <muron
882 502 1005 556 Σποιιι
1206 516 1251 566 107

21 658 88 725 [1161
121 655 304 733 ήπορήσαμεν
325 653 357 710 ἀν
379 653 405 710 τί
427 653 482 710 ἐστι
500 654 531 710 τὸ
553 650 644 710 αίτιον
665 658 713 710 τοῦ
734 652 866 711 τοσούτου
888 655 990 735 φωτός,
1013 655 1036 712 εί
1058 654 1086 712 δέ
1106 657 1153 713 καὶ
1173 656 1252 714 αὐτὸς

122 752 301 832 ἀόρατοςῶν
323 753 509 832 κατηύγαζςν,
534 748 573 809 έτι
599 751 685 809 πλέον
708 752 740 809 δν
764 754 956 833 ήπορήσαμεν,
982 755 1055 811 οὕτω
1083 753 1116 826 δὴ
1141 758 1186 812 καὶ
1211 756 1254 813 ἐπὶ

123 856 223 933 ψυχῆς,
241 850 334 922 ἐπειδὴ
348 852 460 931 ἀόρατος
475 848 542 908 ούσα
557 851 628 908 αἰτία
641 851 697 908 ἐστὶ
709 858 805 908 πασῶν
818 858 873 908 τῶν
893 856 1040 924 κινήσεων,
1058 855 1173 935 ἀπορίαν
1184 860 1254 930 ἡμῖν

123 951 270 1032 παρέσχεν.
291 947 395 1030 ’Ὥσπερ
417 948 464 1008 οὗν
484 952 499 1006 ό
520 948 602 1021 ἥλιος
625 951 658 1006 τά
680 951 767 1007 πάντα
789 951 915 1031 φωτίζων
936 953 1030 1009 ἑαυτὸν
1050 954 1151 1028 πολλῷ
1169 954 1253 1012 πλέον

76 1054 91 1102 5
124 1050 258 1130 φωτεινῶν
280 1054 365 1124 ποιεῖ,
389 1049 460 1106 ούτω
483 1047 516 1119 δὴ
540 1050 623 1120 καλή
649 1052 723 1129 ψυχή
748 1050 781 1107 τά
804 1050 891 1107 πάντα
913 1056 1025 1108 κινοῦσα
1047 1054 1144 1125 ἑαυτήν
1168 1052 1249 1126 πολὺ]

18 1157 41 1208 Ρ·
56 1140 107 1193 ῙῙ7
122 1146 257 1227 πρότερον
275 1153 354 1205 κινεῖ·
374 1144 487 1205 ’ἕκαστον
506 1147 557 1227 γάρ
576 1145 623 1227 ἀφ’
643 1147 739 1205 ἑαυτοῦ
759 1156 809 1219 τῆς
830 1148 967 1229 ἐνεργείας
990 1149 1116 1232 ἄρχεται.
1139 1186 1178 1195 -
1200 1153 1253 1209 Καὶ

27 1249 36 1263 ‘
124 1244 376 1325 παραδειγματικάς
399 1242 427 1302 δέ
448 1247 537 1325 εύροις
558 1245 589 1302 ἀν
610 1246 658 1310 τάς
679 1254 729 1317 τῆς
749 1250 843 1327 ψυχῆς
865 1251 986 1320 κινήσεις
1011 1255 1066 1305 τῶν
1091 1255 1254 1325 σωματικῶν

123 1347 268 1418 κινήσεων·
290 1341 422 1420 λα’όωμεν
441 1343 469 1402 δὲ
488 1346 536 1409 τὰς
557 1346 723 1420 σωματικάς·
747 1346 796 1402 είσὶ
817 1344 846 1403 δὲ
865 1348 942 1404 αύται
966 1348 1038 1404 ὀκτὼ
1058 1350 1104 1405 τόν
1126 1349 1252 1428 ἀριθμὸν,

123 1442 272 1515 παθητικαί
297 1441 373 1500 οὖσαι
396 1443 504 1518 μᾶλλον
525 1444 543 1514 ἢ
565 1444 718 1514 ποιητικαί·
741 1443 844 1522 γένεσις
868 1447 963 1526 φθορά,
988 1442 1101 1519 αύίησις
1124 1447 1253 1522 μείωσις,

60 1545 93 1597 1⁰
126 1547 196 1627 φορά
211 1547 355 1627 περιφορὰ,
376 1545 513 1625 σύγκρισις
533 1543 734 1626 διάκρισις,”Εν
753 1542 801 1600 οὖν
820 1549 855 1622 τῇ
875 1548 950 1626 ψυχῇ
966 1541 1081 1617 αὔξησίς
1104 1547 1175 1604 ίστιν
1191 1547 1255 1604 όταν

126 1646 225 1716 ἑαυτήν
241 1643 369 1702 ἐπιδοῦσα
383 1651 441 1709 τοῖς
454 1643 587 1724 κρείττοσι
600 1642 831 1721 πολλαπλασιάζη
850 1645 949 1716 έαυτῆς
969 1645 1015 1709 τὰς
1034 1647 1150 1717 νοήσεις·
1168 1646 1255 1726 φθίσις

37 1735 45 1771 ί
127 1743 156 1802 δέ
170 1744 235 1801 όταν
250 1743 351 1802 έκεῖθεν
365 1744 534 1824 ἀφισταμένη
553 1743 729 1821 ἀσθενεστέρα
743 1744 840 1814 έαυτῆς
854 1742 963 1820 γίνηται
983 1745 1030 1800 καὶ
1046 1745 1179 1824 ἀργοτέρα
1193 1751 1254 1808 ταῖς

127 1846 248 1916 νοήσεσι·
264 1843 348 1901 πόλιν
362 1844 467 1923 γένεσιν
483 1841 532 1918 μέν
547 1848 720 1922 <φαμεν>
731 1844 782 1912 τήν
797 1841 917 1899 έντεῦθεν
932 1841 1018 1914 αὐτῆς
1032 1841 1139 1916 ἀνοδον,
1155 1844 1256 1924 φθοράν

129 1940 158 1999 δὲ
176 1943 226 2013 τήν
245 1941 364 2023 ἐσχάτην
383 1941 435 1998 ἀπὸ
457 1946 505 1999 τοῦ
528 1946 626 2014 νοητοῦ
649 1945 763 1997 πτῶσιν·
786 1942 831 1996 καὶ
852 1940 987 2020 σύγκρισιν
1010 1942 1059 2017 μἐν
1083 1944 1133 2014 τήν
1156 1942 1255 2022 ἀθρόαν

64 2036 96 2087 15
129 2039 224 2111 νόησιν
244 2041 289 2095 καὶ
309 2039 359 2110 τήν
379 2045 436 2124 τῶνΙ
460 2036 541 2096 είδῶν
562 2039 620 2114 όίμα
642 2037 774 2117 θεωρίαν,
798 2036 928 2118 διάκρισιν
953 2036 982 2096 δέ
1003 2041 1054 2111 τήν
1074 2040 1257 2121 μερικωτέραν

129 2139 222 2210 νόησιν
239 2138 284 2195 καί
303 2139 353 2209 τὴν
372 2136 432 2194 κατ’
454 2135 526 2202 εἶδος
543 2137 572 2195 ἓν
592 2138 659 2194 θέαν
673 2136 796 2209 <δν>
810 2135 947 2213 εἷ’ποιμεν·
969 2138 1039 2218 φορά
1054 2137 1086 2211 δὴ
1102 2143 1120 2211 ή
1135 2138 1197 2197 κατ’
1212 2139 1256 2197 εό-

129 2239 206 2295 θεῖαν
221 2235 305 2308 αὐτῆς
318 2237 362 2292 καί
377 2237 414 2299 είς
430 2234 534 2315 γένεσιν
547 2236 665 2308 κίνησις,
681 2238 814 2317 περιφορὰ
828 2235 856 2293 δέ
871 2240 888 2308 ἡ
903 2242 958 2295 τῶν
973 2236 1053 2295 είδῶν
1069 2236 1196 2317 περίοδος
1210 2240 1255 2295 καὶ

129 2327 247 2400 ἀνέλιξις
266 2335 311 2391 καὶ
331 2335 367 2398 εἷς
384 2334 416 2391 τό
434 2333 499 2391 αὐτὸ
517 2334 743 2399 ἀποκατάστασις.
766 2335 935 2414 Οίκειότερον
951 2335 999 2410 μὲν
1016 2332 1062 2393 οὗν
1080 2334 1199 2407 ἀποδοίη
1215 2356 1256 2399 τις

130 2432 161 2490 ἀν
180 2433 230 2504 τήν
250 2432 299 2507 μέν
317 2433 463 2513 περιφορὰν
482 2438 541 2498 ταῖς
559 2432 650 2495 θείαις
670 2435 784 2512 ψυχαῖς,
801 2434 852 2504 τὴν
871 2430 899 2489 δέ
916 2433 1000 2513 φοράν
1016 2439 1076 2497 ταῖς
1095 2434 1253 2512 ἡμετέραις·

66 2531 99 2582 ἳθ
129 2527 199 2593 ’ίδοις
220 2527 245 2586 δ’
260 2528 352 2586 ἀνκαὶ
369 2528 396 2586 ἐν
411 2535 470 2594 ταῖς
489 2528 580 2594 θείαις
598 2529 751 2609 ἀμφοτέρας
765 2530 813 2594 τάς
828 2532 957 2602 κινήσεις·
974 2529 1078 2594 εὐθείας
1095 2530 1158 2610 γάρ,
1175 2531 1254 2611 φησὶ,

131 2623 225 2687 λαόὼν
240 2629 255 2683 ό
269 2626 437 2707 δημιουργός
455 2627 493 2692 εἰς
511 2624 613 2684 κύκλον
631 2626 833 2703 κατέκαμψε·
852 2626 939 2699 δῆλον
954 2627 1001 2685 οὖν
1016 2628 1055 2694 ὡς
1071 2628 1121 2684 οόκ
1136 2626 1195 2686 ἀνευ
1206 2633 1256 2685 τοῦ

131 2725 222 2789 εὐθέος
242 2729 260 2797 ή
281 2725 396 2798 κυκλική
418 2725 473 2783 ἐστι
493 2726 598 2801 κάμψις
619 2726 665 2782 καὶ
686 2725 779 2798 νόησις
798 2732 853 2782 τῶν
874 2730 982 2807 ψυχῶν·
1004 2727 1035 2782 τό
1055 2727 1108 2805 γάρ
1129 2729 1255 2806 καθαρῶς

130 2823 225 2898 κύκλῳ
238 2827 371 2881 κινεῖσθαι
386 2824 463 2899 μόνῳ
477 2823 606 2900 ἀπονέμει
619 2830 659 2898 τῷ
674 2830 722 2898 νῷ.
740 2823 771 2880 Ἦ
787 2822 815 2881 δέ
830 2824 911 2897 ἐνάτη
926 2826 1034 2897 κίνησις
1050 2824 1110 2896 ήτις
1126 2824 1182 2882 ἐστὶ
1200 2830 1255 2882 τῶν

131 2921 284 2997 ἀσωμάτων
297 2925 358 3003 περὶ
372 2929 429 2987 τοῖς
443 2923 575 2998 σώμασιν,
592 2925 648 2979 οἷαι
662 2921 834 3002 θερμότητες
849 2923 866 2994 ί]
882 2916 972 2999 ψύξεις
990 2923 1008 2995 ή
1029 2923 1174 3005 ἀμψυχίαι,
1196 2921 1256 3004 ἔχει
1335 2964 1340 2967 -

69 3025 100 3075 25
132 3022 182 3091 τήν
198 3019 453 3100 παραδειγματικήν
473 3021 560 3078 αἰτίαν
580 3020 608 3078 έν
627 3027 662 3098 τῇ
682 3025 769 3102 ψυχῇ,
790 3023 856 3080 καθὸ
874 3026 891 3094 ἡ
912 3025 987 3105 ψυχή
1003 3029 1061 3087 τοῖς
1079 3022 1201 3098 σώμασιν
1215 3023 1256 3080 ἐν·

131 3117 226 3177 δίδωσι
246 3122 330 3193 ζωήν.
350 3155 390 3164 -
411 3118 538 3196 ’Ὄτιμέν
557 3119 668 3178 οὖνκαὶ
688 3118 934 3201 παραδειγματικσί
957 3123 1022 3180 είσιν
1043 3122 1207 3196 <αίτίαι>
1228 3123 1256 3179 αί

131 3224 186 3275 τῶν
206 3221 304 3299 ψυχῶν
320 3220 440 3290 κινήσεις
459 3224 516 3276 τῶν
537 3225 701 3295 σωματικῶν
721 3219 877 3298 ἀρκούντως
903 3221 1105 3296 ὑπομέμνηται·
1130 3221 1257 3279 λείπεται

132 3316 160 3375 δὲ
178 3319 222 3374 καί
239 3317 348 3381 τελικάς
366 3316 447 3382 αύτάς
468 3312 619 3388 ἀποδεῖξαι,
641 3315 734 3389 ἐπειδή
755 3320 800 3374 καί
819 3320 833 3374 ό
854 3317 1000 3384 σπουδαῖος
1021 3319 1132 3377 ἐνταῦθα
1147 3320 1192 3376 καὶ
1206 3316 1255 3394 έμ-

163 3581 195 3633 2⁰
215 3581 285 3633 Tim.
302 3581 371 3633 363

165 3722 227 3774 TIT
242 3724 259 3774 8
273 3722 339 3776 όκτὼ
353 3742 413 3790 φησι
426 3723 471 3783 τάς
488 3723 634 3788 σωματικάς
648 3723 759 3788 κινήσεις
774 3722 795 3774 G

166 3872 213 3924 Nc
233 3872 248 3924 1
268 3872 298 3925 ἀν
316 3884 371 3923 om.
392 3872 421 3922 M
485 3869 638 3939 θάόρατος]
660 3869 794 3935 ἀσώματος
818 3869 847 3919 Μ
880 3891 882 3896 ·
911 3876 961 3921 τῶν
979 3866 1072 3918 omisit
1091 3867 1118 3917 Μ
1184 3866 1258 3930 θτῆς

135 3944 268 4014 ἐνεργείας]
286 3945 331 4004 τδις
353 3945 478 4012 ἐνεργείας
500 3943 521 3994 L
583 3941 613 3994 ll
638 3941 850 4002 πολλαπλασιάζει
875 3941 896 3990 L
960 3941 1048 4006 φθίσις,
1075 3937 1259 4001 suprasoripto

135 4017 230 4068 eadem
253 4028 337 4066 manu
358 4019 460 4080 μείωσις
480 4015 509 4065 in
527 4013 555 4064 11'
617 4012 648 4065 12
669 4011 768 4079 ἑαυτῆς]
788 4016 863 4088 ἑαυτῇ
883 4013 912 4063 M
931 4010 997 4074 (iam
1017 4013 1175 4061 correxerat
1191 4011 1258 4071 Αετ]

197 4088 228 4139 1³
243 4106 322 4155 φαμεν
339 4084 432 4137 addidi
451 4086 487 4137 cl.
501 4084 637 4137 addenda
651 4090 679 4138 σί
692 4082 899 4148 mmmmm?
962 4083 993 4133 16
1009 4080 1106 4146 νόησιν]
1123 4082 1219 4146 γένεσιν
1238 4081 1260 4130 L

135 4160 193 4221 (sed
211 4160 241 4221 in
261 4159 386 4224 margine
404 4158 541 4223 adsoripto
563 4176 603 4224 γρ.
623 4159 720 4222 νόησιν]
785 4155 815 4208 ἃν
839 4154 932 4206 addidi
996 4151 1037 4218 δὴ]
1058 4153 1086 4205 δέ
1103 4157 1128 4203 Α
1148 4151 1196 4203 Lll'

134 4229 166 4281 18
181 4229 395 4294 ἀποκατάστασις]
414 4228 567 4286 κατάστασις
583 4228 610 4278 Μ
675 4226 705 4277 21
722 4226 806 4277 λαόῶν
822 4228 835 4276 ό
850 4225 1003 4292 δημιουργός
1019 4223 1049 4272 E*
1113 4221 1144 4273 22
1161 4223 1260 4286 ήοιῐιί·

136 4299 322 4352 seruntul'M
387 4299 416 4350 τό
432 4295 570 4364 μδνγάρΕ
632 4296 663 4348 23
678 4294 808 4360 ίννάτηΜ
871 4293 1082 4362 ίστίπιρίτῶνῶ
1144 4293 1259 4345 Μάσω-

137 4368 231 4436 μάτων]
241 4369 366 4436 σωμάτων
376 4369 393 4420 l'
457 4361 625 4433 οίαι]οίονΜ
640 4381 646 4416 2
660 4361 751 4419 οίοναί
765 4365 815 4416 Lll‘
879 4365 911 4416 26
924 4367 1001 4417 αίτίαι
1011 4363 1102 4414 addidi
1165 4363 1197 4414 27
1210 4373 1260 4415 τῶν

135 4439 235 4510 ψυχῶν]
248 4450 292 4506 τῆς
306 4446 390 4509 ψυχῆς
407 4438 481 4491 ELU'
544 4440 733 4504 ὑπομέμνησται
751 4438 779 4487 Μ
798 4435 853 4502 (vel
868 4437 983 4487 fortasse
998 4434 1065 4499 AsT)
1081 4449 1088 4484 ε
1105 4435 1259 4499 ύπίμνησται

135 4512 235 4565 Amr
257 4513 302 4576 (de
320 4512 418 4565 oeteris
436 4509 578 4562 oodicibur
596 4510 664 4560 nihil
684 4509 787 4571 notavi)
810 4507 885 4572 quod
898 4515 1053 4558 monstrum
1067 4506 1189 4570 recipere
1205 4520 1260 4557 non

135 4598 219 4637 ausus
231 4598 294 4636 sum
356 4583 388 4635 28
404 4583 496 4649 potius
509 4581 540 4645 δὴ
555 4594 639 4646 quam
656 4582 683 4634 ολ
699 4582 727 4631 iu
742 4584 767 4630 Α
781 4579 881 4647 legeris
944 4581 987 4632 καί
1000 4578 1044 4640 τίς
1058 4577 1157 4639 τιλικλς
1170 4576 1198 4627 ll‘

135 4659 178 4712 καί
194 4661 208 4707 ό
222 4655 360 4732 ίμφρωνίε
