3120 5506
320 571 366 624 196
381 563 382 566 “
701 559 842 614 ΕΡΜΕΙΟΥ
863 562 1060 615 ΦΙΛΟΣΟΦΟΥ

223 725 287 792 [168]
320 720 408 779 δέεται
423 721 563 799 μεγάλων·
581 719 683 785 δεικνύς
699 721 741 777 ότι
755 721 783 776 αί
798 722 967 800 παραινέσεις
984 720 1044 779 οὐδὲ
1060 723 1156 800 μικρόν
1170 745 1196 779 τι
1211 722 1335 782 δύνανται
1351 724 1442 782 ἀνύσαι

321 821 358 884 εἷς
375 820 439 883 τοῦς
455 820 594 883 τοιούτους
614 819 780 899 ἀνθρώπους·
802 817 844 876 διά
863 819 959 876 τούτου
979 817 1179 895 ἐνδεικνύμενος
1195 820 1236 878 δ’τι
1250 820 1362 894 πολλῇς
1376 845 1442 902 προ-

321 926 406 999 σοχῆς
419 920 501 999 χρεία
514 918 569 975 ἐστί
582 922 617 994 τῇ
630 921 717 997 ψυχῇ,
732 918 803 974 ὥστε
816 919 952 975 συνεθίσαι
966 917 1050 990 αὐτὴν
1063 925 1103 993 τῷ
1115 919 1239 994 ἀμείνονι
1250 920 1338 997 ίππιρ,
1354 920 1441 991 ἐπειδὴ

321 1018 400 1080 οῦτος
416 1017 430 1072 6
444 1016 527 1101 ’ίππος
541 1015 707 1090 κελεύσματι
721 1015 767 1071 καί
782 1012 860 1093 λόγῳ
875 1019 1040 1096 ἡνιοχεῖται,
1057 1017 1072 1072 δ
1087 1015 1115 1073 δέ
1128 1026 1178 1089 τῆς
1189 1015 1334 1092 ἐπιθυμίας
1351 1019 1444 1098 μόγις

274 1121 289 1169 5
323 1114 392 1189 μετά
414 1114 542 1192 μάστιγος
560 1113 605 1169 καί
622 1112 749 1191 κέντρων·
772 1109 813 1168 διὸ
833 1109 894 1168 οῦδὲ
913 1112 1057 1193 ἀνέχονται
1074 1114 1100 1170 οί
1119 1114 1207 1188 τούτῳ
1221 1119 1259 1193 τῷ
1273 1114 1350 1190 ’ίππιρ
1365 1137 1443 1172 κατα-

323 1212 462 1292 σχεθέντες
475 1211 670 1291 παραινέσεων.

362 1361 412 1424 νδ.
437 1360 532 1419 Ὅταν
554 1360 586 1418 δὲ
608 1359 664 1418 οῦν
686 1363 700 1417 ὁ
721 1360 875 1443 ἡνίοχος]
898 1362 956 1421 253
978 1361 1016 1421 Ε.

363 1505 507 1578 Βουληθείς
529 1506 615 1562 εἰπεῖν
636 1509 696 1569 πῶς
717 1503 894 1562 ἁλίσκεται
909 1507 923 1562 6
939 1506 1093 1584 αἱρεθείς,
1111 1507 1171 1564 εἴτε
1188 1512 1299 1586 πρῶτον
1317 1511 1444 1587 περὶτῶν

320 1606 412 1663 ’ίππων
431 1614 482 1676 τῆς
500 1605 593 1684 ψυχῆς
612 1612 665 1674 τῆς
682 1601 734 1674 ἤδη
755 1603 999 1682 προσομιλησάσης
1016 1609 1053 1681 τῷ
1075 1603 1193 1677 σώματι,
1212 1605 1335 1662 τουτέστι
1355 1611 1444 1680 Βυμοῦ

261 1701 290 1752 1⁰
321 1706 367 1761 καί
387 1703 536 1777 ἐπιθυμίας.
562 1699 729 1776 Βουλόμενος
751 1702 834 1758 είπεῖν
859 1700 947 1758 τοίνυν
970 1701 1194 1781 περίέγκρατοῦς
1215 1701 1272 1783 [καί
1290 1705 1443 1784 ἀκρατοῦςί,

320 1803 443 1860 τουτέστι
456 1802 516 1880 περὶ
531 1800 687 1877 ἀναγωγοῦ,
704 1798 777 1877 λέγει
788 1800 851 1878 περί
867 1805 914 1856 τοῦ
929 1797 1059 1871 ἀληθινοῦ
1074 1799 1175 1878 ἔρωτος
1189 1803 1234 1857 καί
1249 1801 1276 1858 έν
1293 1802 1445 1860 ἀποπτύσει

322 1902 367 1957 καὶ
383 1900 410 1957 έν
424 1895 555 1974 συμμίίει
569 1897 774 1976 θεωρουμένου.
793 1897 844 1954 Δύο
857 1897 908 1977 γὰρ
923 1896 1009 1954 όντων
1024 1903 1114 1976 μερῶν
1128 1906 1177 1969 τῆς
1189 1900 1293 1979 ψυχῆς,
1308 1897 1445 1977 λόγουκαὶ

323 1998 449 2078 ἀλογίας,
467 1996 582 2075 τέσσαρά
597 2018 657 2052 τινα
674 1993 773 2071 μεταξύ
790 1996 974 2076 ἀναφαίνεται,
990 1997 1028 2052 ὧν
1047 1997 1075 2053 αί
1090 1997 1139 2071 μέν
1154 1996 1255 2075 ἀρεταί,
1273 1999 1302 2053 σί
1317 1995 1345 2054 δὲ
1359 1999 1446 2054 κακίαι

290 2121 291 2130 ·
323 2096 402 2155 είσίν.
420 2093 503 2152 Ὅταν
519 2095 629 2173 μὲνγὰρ
644 2095 659 2150 6
675 2091 806 2172 λογισμὸς
819 2098 973 2173 κατακρατῇ
987 2100 1037 2150 τοῦ
1053 2093 1168 2172 ἀλόγου,
1185 2095 1224 2157 ὡς
1239 2096 1279 2168 μὴ
1297 2094 1446 2153 ἀντιτείνειν

264 2193 293 2242 15
325 2194 356 2250 τό
376 2192 479 2271 ἀλογον
499 2192 571 2250 ἀλλὰ
592 2189 813 2270 ἠνδραποδίσθαι,
835 2191 896 2248 τότε
917 2190 1076 2272 σωφροσύνη
1099 2192 1203 2269 γίνεται
1223 2192 1254 2248 τὸ
1277 2191 1345 2249 δ’λον
1358 2199 1444 2250 τοῦτο·

325 2293 387 2349 όταν
408 2289 436 2349 δέ
455 2291 485 2347 τὸ
505 2288 637 2347 ἀνάπαλιν
652 2290 670 2367 ᾖ
685 2289 730 2347 καί
746 2291 760 2346 6
776 2287 861 2368 λόγος
877 2288 996 2365 δουλεύῃ
1011 2294 1046 2364 τῇ
1061 2287 1158 2366 ἀλογίᾳ
1172 2287 1390 2368 ἀνδραποδισθείς
1406 2291 1447 2347 ἀπ’

325 2390 419 2461 αύτης,
440 2387 582 2445 ἀκολασία·
602 2387 666 2444 όταν
686 2384 715 2443 δὲ
732 2391 787 2443 τῶν
808 2384 854 2443 δύο
870 2385 974 2442 τούτων
989 2387 1099 2465 γένηται
1115 2386 1205 2466 μάχη,
1221 2392 1385 2466 κρατοῦντος
1402 2389 1447 2462 μὲν

323 2493 371 2544 τοῦ
386 2485 469 2565 λόγου
485 2487 588 2565 γίνεται
603 2485 751 2565 ἐγκράτεια,
766 2490 814 2541 τοῦ
828 2482 856 2541 δέ
870 2482 972 2563 ἀλόγου
987 2485 1121 2564 ἀκράτεια.
1139 2485 1203 2564 Περί
1217 2491 1274 2541 τῶν
1288 2484 1335 2542 οῦν
1350 2507 1445 2543 παντο-

326 2585 418 2643 δαπῶν
440 2581 598 2660 συμμίξεων
620 2588 668 2640 τοῦ
689 2579 791 2662 έρωτος
813 2582 926 2640 ἐνταῦθα
949 2583 1076 2661 βούλεται
1097 2579 1234 2641 διαλαθεῖν
1254 2586 1299 2640 καί
1321 2587 1447 2664 περὶτοῦ

263 2682 294 2732 20
326 2683 470 2759 ἀμείνονος
488 2684 533 2739 καί
550 2682 693 2762 ἐγκρατοῦς
711 2678 810 2762 ἔρωτος
828 2683 872 2737 καὶ
887 2683 1030 2760 ἀναγωγοῦ
1043 2681 1140 2752 ίππου,
1159 2683 1201 2738 ὅτι
1215 2681 1323 2740 έλκεται
1339 2684 1389 2758 μὲν
1403 2685 1448 2739 ἀτε

325 2781 357 2853 δὴ
377 2783 484 2856 σώματι
502 2779 709 2860 προσομιλοῦσα
726 2783 744 2851 ἡ
760 2782 834 2859 ψυχὴ
852 2781 902 2837 ὑπὸ
917 2785 965 2836 τοῦ
980 2778 1130 2837 ἀκολάστου
1145 2786 1198 2837 τιῦν
1214 2780 1317 2854 ίππων,
1335 2781 1403 2851 αύτὴ
1422 2779 1449 2837 δέ

326 2879 447 2936 ἀνθέλκει
461 2880 507 2935 τὸν
522 2879 634 2959 χείρονα
648 2884 702 2934 τῖον
716 2877 808 2934 ’ίππων
823 2880 881 2952 ἀμα
898 2884 934 2955 τῷ
949 2878 1075 2952 ἀμείνονι
1088 2884 1142 2934 τῶν
1156 2877 1248 2935 ίππων
1265 2878 1305 2943 είς
1320 2880 1354 2936 τά
1367 2880 1449 2950 νοητά

328 2974 402 3047 είδη.
424 3011 463 3020 -
482 2977 522 3032 Τὸ
545 2973 573 3031 δέ
594 2975 753 3054 ἐρωτικὸν
777 2972 880 3049 όμμα,
906 2973 1025 3030 τουτέστι
1044 2976 1095 3045 τὴν
1117 2979 1165 3031 τοῦ
1188 2973 1327 3053 έρωμένου
1348 2978 1447 3055 ψυχήν·

326 3073 387 3129 τότε
407 3071 435 3129 δὲ
448 3073 547 3152 κυρίως
563 3072 666 3150 γίνεταί
682 3094 723 3136 τις
742 3071 881 3151 ἐρωτικὸς,
898 3072 963 3128 όταν
979 3072 1019 3136 είς
1037 3072 1130 3128 ἑαυτὸν
1148 3070 1307 3150 ἐπιστρέψῃ·
1323 3078 1405 3129 τοῦτο
1424 3071 1450 3130 δε

263 3182 294 3233 25
328 3169 401 3226 ἔσται
423 3168 466 3227 διά
487 3175 541 3226 τῶν
562 3171 707 3244 ὀμμάτων,
729 3169 803 3241 όταν,
824 3169 913 3233 καθὼς
932 3170 1006 3227 εἶπεν
1025 3169 1053 3226 έν
1071 3175 1108 3246 τῷ
1123 3165 1333 3246 Ἀλκιθιάδη,
1353 3169 1449 3247 βουλό-

329 3290 409 3343 μενος
425 3269 520 3325 ἑαυτὸν
536 3267 602 3325 ἰδεῖν
617 3290 658 3332 τις
675 3269 712 3332 είς
726 3268 816 3348 έτέραν
832 3271 925 3348 ψυχὴν
940 3266 1035 3344 ἀπίδη·
1052 3269 1165 3346 καὶγὰρ
1185 3268 1228 3324 έπί
1245 3273 1301 3325 τῶν
1317 3269 1449 3339 αίσθητῦιν

328 3366 437 3429 ἐαυτοῦς
459 3364 624 3444 βουλόμενοι
645 3364 723 3438 ίδεῖν,
745 3364 820 3423 οῦδὲν
842 3364 913 3422 ἀλλο
935 3364 1031 3421 τούτου
1055 3364 1223 3444 παράδειγμα
1246 3365 1409 3446 εὑρίσκομεν
1432 3368 1448 3437 ἦ

329 3464 470 3544 όρθαλμὸν
484 3461 575 3534 ἐπειδὴ
589 3465 626 3526 είς
638 3465 735 3520 ταυτὸν
750 3462 890 3544 συντρέχει
900 3464 932 3519 τὸ
947 3465 1018 3542 δρῶν
1032 3463 1118 3519 καὶτὸ
1134 3463 1270 3543 ὁρατικόν·
1287 3464 1316 3521 έν
1330 3465 1381 3544 γὰρ
1394 3471 1449 3529 τοῖς

328 3562 487 3641 κατόπτροις
503 3560 568 3618 ἀλλο
584 3562 637 3619 έστί
650 3563 680 3617 τὸ
695 3563 765 3642 ὁριῦν
777 3563 821 3617 καί
836 3559 907 3620 ἀλλο
923 3561 977 3618 ἐστὶ
990 3562 1020 3617 τὸ
1036 3561 1173 3640 ὁρατικόν.
1190 3564 1278 3619 -Τὸ
1293 3561 1322 3620 δέ
1333 3570 1448 3632 πᾶσαν,

232 3673 312 3735 p,169
329 3659 450 3716 τουτέστι
465 3659 497 3716 δι’
512 3658 580 3732 όλης
598 3659 603 3740 Ι
620 3669 669 3732 τῆς
683 3663 784 3740 ψυχῆς,
798 3658 891 3724 καλῶς
907 3653 979 3717 εἶπε·
992 3659 1039 3714 τὸν
1055 3659 1106 3738 γάρ
1119 3654 1206 3739 έρωτα
1220 3659 1287 3740 ὅπερ
1303 3660 1359 3718 ἐστὶ
1370 3662 1450 3724 πάθος

329 3757 379 3814 οῦκ
394 3754 447 3815 ἔστι
462 3755 506 3814 διά
519 3758 608 3831 πάσης
624 3767 672 3829 τῆς
684 3761 777 3839 ψυχῆς
792 3756 870 3829 ίδεῖν,
887 3755 960 3814 ἀλλά
974 3758 1071 3836 μέρους
1087 3757 1172 3829 αὐτῆς
1184 3758 1255 3814 κατὰ
1269 3756 1368 3815 κακίαν
1382 3756 1449 3834 ένερ-

359 3984 390 4034 25
407 3982 496 4033 Αίυίίκ
512 3983 621 4035 1132ss

360 4099 421 4149 TIT
442 4100 472 4150 10
489 4101 544 4166 περί
562 4099 698 4165 ἐγκρατοῦς
714 4097 899 4163 καί-ἀκρατοῦς
919 4095 939 4147 C
1003 4097 1034 4147 12
1054 4099 1128 4164 λόγος
1148 4100 1190 4149 καί
1210 4099 1302 4165 ἀλογία
1320 4098 1352 4150 τά
1370 4102 1450 4164 ψυχῆς

331 4170 440 4239 μέρηῦ,
491 4172 521 4220 15
538 4165 688 4236 σωφροσύνη
704 4168 744 4217 C¹
787 4166 817 4217 17
835 4166 997 4219 ἀκολασίαῦ
1062 4169 1093 4218 18
1109 4168 1250 4236 ίγκράτεια·
1267 4168 1422 4235 ἀκράτειαῦ

361 4288 408 4339 ΝΟ
424 4289 437 4338 1
456 4285 635 4351 δέεταιίδιίται
650 4286 676 4334 Μ
741 4279 861 4335 2τούτου
871 4287 1025 4335 exzo-3102&
1058 4278 1061 4284 ’
1090 4288 1183 4348 πολλῆς
1195 4284 1357 4335 etiamnunc
1367 4283 1451 4334 cerni·

329 4361 413 4410 turin
424 4364 447 4408 Λ
461 4372 468 4409 :
483 4358 574 4415 πολλὸς
588 4357 632 4407 vel
644 4356 721 4414 πολὺς
733 4369 750 4406 ιι
812 4356 852 4406 2-3
867 4364 997 4422 προσοχῆς
1008 4356 1083 4419 prius
1093 4355 1225 4405 omissum
1236 4355 1267 4404 in
1280 4355 1451 4414 Α,ι1οίοι1οά

328 4431 416 4494 prima
433 4443 517 4481 manu
532 4429 559 4478 in
577 4428 699 4491 margine
709 4427 970 4490 adscriptum‚nunc
981 4440 1061 4489 paene
1072 4426 1185 4476 evanuit
1248 4426 1264 4475 7
1277 4427 1347 4487 ὅταν,
1357 4427 1370 4478 θ
1380 4426 1450 4476 rubr.

328 4508 352 4552 Α
417 4502 453 4565 δὲ]
469 4501 499 4564 δὴ
519 4505 542 4549 Λ
604 4500 780 4566 δὸαιριθείς
799 4499 881 4561 igitur
901 4495 1010 4562 legebat
1035 4497 1161 4548 Hermias
1226 4498 1257 4547 10
1271 4501 1315 4549 καί
1332 4501 1452 4565 ἀκρατοῦς

329 4574 430 4625 seclusi
494 4572 523 4623 12
542 4573 620 4623 όντων
636 4580 685 4622 τῶν
704 4580 786 4638 μερῶν
804 4570 832 4618 Μ
897 4569 928 4619 22
947 4569 1008 4620 fort.
1026 4579 1075 4620 τῶν
1093 4569 1176 4620 ἵππων
1194 4576 1256 4634 post
1276 4572 1390 4636 ἀμείνονι
1406 4570 1453 4619 de·

329 4646 444 4696 lendum
506 4644 536 4693 24
552 4642 579 4694 δέ
592 4649 652 4707 post
663 4641 748 4708 τοῦτο]
763 4644 776 4692 δ
791 4655 824 4692 ex
835 4644 901 4692 τοΑ
964 4640 994 4690 27
1009 4641 1024 4705 ἢ
1039 4640 1135 4704 seripsi
1150 4654 1156 4691 :
1172 4646 1206 4701 ὡς
1218 4640 1283 4692 libri
1348 4640 1454 4693 28³2&-

293 4743 298 4751 ·
328 4718 380 4781 τὸν]
397 4717 471 4768 αὑτὸν
483 4715 510 4765 Μ
577 4714 607 4764 30
625 4722 667 4778 τῆς
681 4713 744 4764 add.
760 4725 843 4777 supra
857 4725 928 4764 vers.
944 4712 977 4762 Δί
