3248 5512
184 613 210 646 ν,
616 588 868 640 rnocncouuna

182 761 380 843 philosophia
394 759 548 841 platonica
567 769 597 817 et
617 755 786 837 plotiniana
805 754 1040 832 haudquaquam
1061 752 1236 831 spernenda
1260 753 1303 810 ibi

185 870 391 929 continentur.
413 865 482 926 Non
504 865 631 945 indigna
652 864 746 943 igitur
761 862 824 921 haec
841 860 958 920 scholia
974 860 1047 918 mihi
1063 860 1130 918 visa
1146 873 1219 918 sunt
1238 881 1304 939 quae

184 977 293 1035 iterum
321 974 501 1033 melioribus
536 971 685 1031 subsidiis
717 971 894 1044 ederentur,
936 967 1109 1047 praesertim
1139 978 1304 1046 postquam

185 1082 363 1142 Senanzrus
385 1082 416 1140 in
440 1087 559 1138 Herma
573 1078 634 1138 vol.
652 1076 765 1148 XVIII,
789 1098 821 1156 p.
842 1075 1181 1148 129‚et1aua1.1.1usin
1203 1081 1303 1133 Rcvue

184 1194 237 1249 des
256 1181 366 1248 drudes
385 1210 540 1268 grecqnes,
559 1188 647 1261 1890,
669 1208 702 1267 p.
730 1187 799 1257 312,
826 1188 864 1245 de
886 1185 1067 1244 excellentia
1089 1185 1303 1244 Parisiuorum

184 1300 322 1359 codicum
339 1301 531 1359 disserentes
546 1303 655 1358 novam
671 1308 856 1376 optaverunt
871 1295 1047 1355 editionem.

581 1651 599 1734 ᾗ
616 1651 640 1711 I.
655 1686 693 1696 -
710 1651 757 1709 Dn
774 1650 904 1709 Harum

222 1898 448 1978 Videbis'apud
463 1895 650 1967 Fabricium,
662 1900 683 1955 1.
697 1900 717 1955 l.
727 1893 852 1975 (etVIL
867 1895 935 1966 144,
953 1916 983 1954 n.
1001 1895 1062 1975 44),
1079 1908 1155 1975 quot
1169 1896 1302 1958 Hermiae

184 2009 215 2066 in
237 2006 348 2065 litteris
373 2004 483 2085 graecis
506 2003 630 2074 IuerInt,
648 2015 678 2061 ct
698 2004 854 2082 quomodo
874 2015 982 2060 noster
996 2022 1217 2082 nonnunquam
1232 2024 1301 2063 cum

182 2113 244 2172 lilio
261 2133 317 2171 suo
330 2110 493 2171 Ammonio
507 2110 547 2170 sit
561 2110 720 2180 confusus
732 2129 801 2168 cum
816 2109 983 2188 legeretur,
995 2109 1127 2188 exempli
1142 2110 1251 2189 gratia,
1262 2111 1301 2189 in

183 2221 271 2281 titulo
294 2218 506 2280 commentarii
528 2219 566 2276 ad
590 2217 758 2298 Porphyrii
781 2216 933 2297 Isagogen
960 2241 973 2271 u
1000 2221 1149 2275 Ammonia
1170 2224 1303 2277 Hermiae

183 2327 432 2401 commentarius,
457 2340 515 2386 etc.
540 2351 567 2398 1,
592 2339 622 2387 et
640 2326 845 2385 nominativus
866 2345 939 2401 non,
962 2337 994 2383 ut
1022 2345 1073 2383 res
1098 2338 1156 2398 est,
1182 2332 1302 2384 Ammo·

182 2441 249 2494 nius
275 2438 417 2512 Hermiae,
448 2435 503 2494 sed
534 2437 705 2493 Ammonius
735 2437 875 2491 Hermias
908 2434 1089 2494 crederetur
1120 2454 1190 2492 esse
1215 2458 1221 2492 ε
1248 2436 1301 2515 qui

184 2563 272 2602 error
292 2543 381 2601 etiam
401 2543 432 2603 in
455 2542 569 2602 librum
593 2562 683 2621 quem
707 2540 759 2600 W.
783 2561 844 2600 von
864 2539 986 2599 Gnarsr
1001 2543 1039 2601 de
1054 2541 1166 2601 litteris
1191 2543 1301 2623 graecis

183 2650 311 2731 scripsit
325 2648 372 2729 (p.
395 2650 453 2710 374
468 2652 516 2709 ed.
534 2649 662 2730 prioris)
673 2648 779 2708 nescio
795 2669 856 2728 quo
872 2650 964 2708 modo
980 2649 1121 2729 irrepsit.

227 2761 380 2821 Hermiam
396 2761 636 2821 Alexandrinum
655 2762 686 2819 in
706 2761 801 2820 altera
817 2761 916 2840 quinti
932 2761 1036 2820 saeculi
1055 2776 1142 2843 parte
1158 2764 1301 2824 floruisse

101 2876 105 2879 ’
182 2872 396 2947 constat⁴,sed
412 2891 512 2949 neque
530 2891 591 2949 quo
607 2890 686 2928 anno
700 2882 789 2929 natus
801 2871 852 2942 sit,
870 2891 971 2949 neque
983 2891 1045 2950 quo
1061 2884 1211 2945 mortuus,
1229 2876 1301 2935 deli-

182 2977 243 3036 niri
258 2989 370 3056 potest.
385 2975 567 3057 Magistrum
584 2976 689 3036 habuit
705 2976 869 3059 Syrianam
882 2976 1044 3036 Philoxeni
1055 2978 1162 3051 lilium,
1175 2981 1300 3060 neopla-

181 3084 329 3156 tonIcum,
354 3084 407 3163 qui
432 3084 543 3148 scholae
568 3097 640 3164 post
668 3081 867 3144 Plutarchum
895 3083 1033 3145 Nestorii
1062 3085 1157 3145 filium
1177 3088 1300 3165 praefuit

182 3189 331 3270 cujusque
360 3192 578 3252 commentaria
602 3193 631 3250 in
663 3195 852 3263 Phaedonem,
877 3193 1110 3270 Rempublicam,
1147 3198 1297 3266 Timoeum,

182 3303 276 3377 Leges
289 3298 429 3358 audimus
446 3299 552 3371 luisse,
561 3299 592 3356 in
602 3298 781 3359 Aristotelis
790 3302 999 3376 Metaplaysica
1010 3312 1040 3358 et
1051 3301 1081 3359 in
1093 3300 1299 3381 Hermogenis

182 3408 370 3464 Rhetoriccm
384 3407 496 3487 partim
511 3407 720 3487 possidemus.
738 3407 902 3487 Syriauum
919 3409 1009 3467 simul
1023 3429 1091 3467 cum
1107 3408 1233 3469 Hermia
1249 3431 1299 3469 se-

183 3525 271 3572 cutus
288 3525 334 3572 est
349 3515 562 3575 nobilissimus
577 3515 628 3575 ille
645 3516 787 3588 Proclus,
806 3531 892 3576 aetate
907 3518 999 3596 paulo
1024 3511 1137 3591 miuor,
1153 3520 1207 3599 qui
1231 3541 1299 3581 eum

183 3620 320 3679 sodalem
332 3641 456 3701 semper
471 3621 577 3683 habuit
591 3624 822 3683 amicissimum.
832 3625 954 3684 Dicitur
965 3639 994 3686 et
1008 3626 1147 3707 AEgypto
1157 3628 1300 3689 Hermiae

183 3728 411 3787 necessitudine
427 3732 557 3808 quadam
573 3730 754 3812 conjunctus
767 3733 873 3810 luisse,
885 3732 998 3793 isidori
1013 3734 1193 3816 philosophi
1208 3758 1300 3798 avun-

183 3837 262 3895 culo.
288 3836 422 3896 Uxorem
445 3839 550 3899 habuit
573 3841 811 3921 pulcherrimam
836 3844 1101 3925 castissimamque
1128 3846 1298 3920 AEdesiam,

184 3941 317 4021 Syriaui,
333 3956 366 4002 ut
380 3945 503 4016 dicitur,
521 3947 649 4025 neptIm‚
664 3968 754 4027 quam
772 3948 823 4008 ille
842 3950 930 4028 prius
947 3950 1059 4010 Proclo
1076 3956 1297 4032 spoponderat,

183 4052 238 4109 sed
251 4070 320 4109 cum
336 4050 416 4110 hunc
441 4077 454 4107 α
476 4053 552 4112 deus
568 4054 690 4132 quidam
709 4079 722 4109 »
747 4055 793 4134 (ut
811 4056 853 4115 ait
878 4055 1002 4137 Suidas)
1026 4060 1241 4138 prohibuisset
1261 4084 1299 4124 ne

182 4176 309 4214 uxorem
324 4158 461 4231 duceret,
471 4158 603 4218 Hermiae
617 4160 711 4223 dedit.
723 4159 769 4220 De
779 4160 908 4221 AEdesia
919 4165 1055 4225 maxime
1070 4166 1176 4229 laudes
1192 4172 1229 4230 ad
1241 4191 1298 4230 nos

182 4277 391 4343 pervenerunt
408 4288 414 4323 ε
432 4265 709 4326 AlexandrInarum
720 4289 784 4326 eam
797 4282 827 4328 et
838 4271 1093 4334 formosissimam
1106 4290 1135 4335 et
1152 4278 1297 4358 optimam

183 4371 291 4444 luisse,
315 4373 448 4453 simplici
469 4375 666 4454 ingenuoque
689 4377 802 4449 animo,
819 4378 967 4458 praeclara
984 4403 1058 4463 erga
1082 4386 1157 4445 deos
1172 4387 1297 4465 pietate,

212 4595 235 4644 I.
253 4594 289 4643 De
305 4595 411 4643 Hermia
425 4594 480 4643 haec
502 4603 564 4644 sunt
587 4596 762 4647 testimonla:
784 4600 941 4652 DamuseIus
956 4604 982 4654 111
1005 4607 1107 4666 Photio,
1126 4609 1201 4657 codd.
1215 4611 1258 4657 181
1272 4617 1299 4658 et

181 4666 242 4726 2423
259 4666 341 4725 Suid,
357 4683 378 4715 s.
392 4683 436 4716 rr.
458 4667 586 4734 Ἑρμείας,
602 4669 717 4732 attacta,
733 4671 904 4738 αὐτοκίνητον.
923 4675 978 4725 Non
992 4677 1098 4728 ridetur
1116 4679 1151 4728 ab
1170 4680 1232 4741 alio,
1244 4681 1296 4730 uisi

180 4737 214 4784 ab
227 4737 365 4786 Eustathio
380 4738 412 4785 ad
426 4738 501 4787 Dion.
520 4739 618 4802 Perleg.
634 4741 754 4791 Hermian
772 4743 895 4794 laudatus
917 4748 1007 4798 luisse·
