3120 5506
1168 360 1177 407 ί

386 526 443 577 ΕΙΣ
463 527 524 577 ΤΟΝ
547 526 723 578 ΠΛΑΤΩΝΟΣ
744 526 888 576 ΦΑΙΔΡΟΝ·
909 524 1032 575 ΣΧΟΛῙΔ
1228 534 1275 586 179

48 631 122 746 [isi]
197 669 242 732 ιδ’.
262 677 370 730 Ταῦτα
393 672 450 747 μέν
473 669 530 729 οὖν
553 674 664 750 μνήμη
686 669 880 755 κεχαρίσθω]
902 672 961 732 250
983 671 1020 733 C.

196 833 312 911 Σάνοψιν
326 842 444 895 ποιεῖται
457 840 502 896 καί
518 839 671 915 ὑπόμνησιν
684 844 738 897 τῶν
755 836 811 897 ἅνω
830 838 993 919 εἰρημένων,
1014 837 1100 917 λέγων
1119 836 1159 894 ότι
1175 842 1276 895 ταῦτα

156 938 266 1012 μνήμη
287 937 566 1016 παραπεμπέσθωσαν·
588 935 631 995 διὰ
648 943 729 996 τοῦτο
748 936 776 995 δέ
791 940 837 995 καὶ
855 932 996 1018 ἰθράδονεν
1008 936 1043 995 ’ἐν
1064 936 1157 1001 αὐτοῖς
1181 935 1277 1005 ἐθίζων

39 1033 140 1084 1⁰65V'
153 1036 228 1109 ἡμᾶς
242 1040 298 1100 τοῖς
309 1036 442 1101 τοιούτοις
458 1032 644 1116 έμθραδάνειν.
657 1036 687 1093 'fl
702 1037 752 1117 γάρ
767 1039 883 1119 συνεχὴς
896 1040 992 1112 μνήμη
1007 1041 1063 1093 τῶν
1078 1040 1182 1107 νοητῶν
1198 1031 1204 1111 l
1219 1032 1278 1100 ἐθος

107 1139 122 1188 5
154 1136 224 1209 ήμῖν
240 1139 313 1192 ποιεῖ
331 1134 359 1191 ἐν
379 1134 490 1200 ἐκείνοις
510 1132 665 1216 διατρίάειν·
687 1136 776 1215 ὥσπερ
794 1136 906 1199 εἰκότως
927 1133 1089 1216 ἐνδιέτριψεν
1106 1134 1133 1192 ἐν
1150 1133 1286 1205 ἐκείνοις,ι

155 1233 202 1289 άτε
216 1231 248 1305 δή
264 1232 407 1291 ἐνθουσιῶν
423 1235 483 1314 περὶ
501 1234 567 1292 αὐτὰ
582 1235 711 1314 (τουτέστι
727 1235 760 1292 τὰ
777 1234 873 1313 νοητὰ)
891 1232 1096 1310 ἐνδεικνύμενος
1115 1233 1156 1299 τίς
1172 1233 1242 1290 ἐστιν
1259 1235 1277 1303 ἡ

156 1328 228 1414 έργῳ
244 1333 401 1409 ἀνάμνησις.
421 1339 509 1392 Ταῦτα
529 1335 577 1409 μέν
593 1333 639 1392 οὗν
656 1334 871 1410 ἀναμνησθέντες
889 1336 950 1414 περί
965 1339 1018 1391 τῶν
1034 1339 1138 1406 νοητῶν
1155 1332 1280 1414 πραγμά-

155 1454 209 1489 των
223 1432 380 1511 εἰρήκαμεν.
396 1467 436 1477 -
449 1430 640 1514 Χεχαρίσθω
654 1430 683 1490 δέ
698 1432 775 1491 εἶπεν
789 1430 878 1505 ἐπειδὴ
895 1434 924 1489 αἰ
942 1431 1054 1513 Χάριτές
1072 1433 1137 1490 εἰσιν
1152 1433 1180 1488 αί
1194 1431 1281 1488 πάντα

157 1530 271 1610 έράσμια
284 1536 419 1592 ποιοῦσαι.
436 1566 475 1576 -
490 1533 604 1589 Δόναται
619 1531 648 1589 δέ
661 1533 706 1589 καί
719 1554 760 1597 τις
772 1533 817 1590 καί
831 1531 862 1590 τὸ
877 1532 1067 1614 μακρότερα
1080 1531 1168 1595 οίίτως
1180 1525 1281 1608 ἐξηγή-

92 1631 125 1684 10
157 1634 262 1702 σασθαι,
281 1630 368 1707 ότιτή
387 1631 437 1707 μέν
451 1628 521 1697 λέξει
535 1632 579 1688 καὶ
593 1636 653 1696 ταῖς
673 1625 825 1696 ουλλαθαῖς
841 1630 919 1709 όλίγα
933 1631 984 1689 εἰσὶ
997 1632 1030 1688 τὰ
1048 1630 1189 1712 λεχθέντα,
1206 1625 1282 1685 δυνά-

159 1751 205 1804 μει
226 1726 254 1786 δέ
276 1729 446 1809 μακρότατα,
461 1730 537 1800 Οίίτω
558 1731 603 1788 καί
623 1729 651 1787 ἐν
668 1735 707 1805 τῳ
727 1730 908 1805 Συμποσίῳ
928 1728 1051 1801 ἐποίησε,
1067 1727 1155 1806 λέγων
1167 1729 1214 1784 τὸν
1229 1734 1280 1800 τῆς

158 1826 286 1904 Διοτίμας
309 1830 370 1908 περί
393 1833 443 1886 τοῦ
465 1828 584 1909 Ἔρωτος
609 1829 693 1909 λόγον
718 1826 762 1886 διὰ
785 1822 886 1895 λέξεων
910 1827 1023 1908 όλίγων,
1053 1831 1087 1903 τῇ
1114 1825 1142 1884 δέ
1170 1824 1281 1901 δυνάμει

160 1924 286 2003 μέγιστον
306 1924 391 2006 λόγον
412 1925 482 1986 εἰπε.
1191 1938 1192 1942 ’

201 2096 243 2159 ιε’.
267 2099 346 2180 Περί
367 2096 400 2156 δέ
420 2096 569 2163 κάλλους
592 2099 635 2163 ὡς
657 2095 810 2180 εἴπομεν]
832 2098 892 2157 250
913 2096 950 2158 C.

95 2270 126 2323 15
201 2264 328 2323 θοάλεται
342 2263 428 2325 εἰπεῖν
441 2265 504 2344 περί
519 2269 568 2323 τοῦ
585 2264 713 2345 ἐρωτικοῦ
726 2269 784 2329 πῶς
800 2263 928 2344 ἀνάγεται
946 2264 1062 2322 ἀπὸτοῦ
1081 2263 1148 2341 τῇδε
1164 2261 1283 2330 κάλλους

159 2360 202 2419 ἐπὶ
214 2362 245 2419 τὸ
262 2363 361 2436 νοητὸν
377 2363 496 2428 κάλλος·
512 2365 527 2420 ό
541 2361 616 2442 λέγει
631 2360 678 2421 οὖν
691 2366 772 2420 τοῦτο
784 2359 866 2436 ἐστιν,
880 2362 921 2420 ότι
934 2363 965 2420 τό
978 2362 1076 2436 νοητόν
1088 2361 1189 2427 κάλλος
1205 2362 1232 2420 ἐν
1245 2367 1280 2439 τῇ

158 2466 243 2538 νοητή
264 2461 342 2535 οὐσίᾳ
359 2462 417 2539 μετ’
436 2462 547 2521 ἐκείνων
566 2467 619 2521 τῶν
635 2462 784 2537 θεαμάτων
804 2458 964 2538 ἐξέλαμψεν,
986 2460 1032 2543 ἄρ’
1046 2462 1078 2519 οὗ
1095 2463 1140 2518 καί
1155 2468 1235 2519 τοῦτο
1250 2462 1281 2519 τό

159 2560 289 2633 αἰσθητὸν
302 2559 407 2627 κάλλος
423 2556 587 2638 ἐξέλαμψεν.
604 2558 707 2641 ’Ὥσπερ
721 2562 772 2642 γάρ
785 2561 816 2618 τὸ
830 2565 886 2641 ρῶς
899 2560 952 2618 άπδ
966 2565 1014 2617 τοῦ
1028 2560 1111 2632 ἡλίου
1126 2560 1282 2640 ἀρχόμενον

159 2660 198 2725 είς
216 2659 301 2718 πάντα
318 2661 365 2720 τόν
384 2661 512 2733 αἰσθητὸν
530 2661 633 2736 κόσμον
652 2659 796 2735 ἐκλάμπει,
814 2659 899 2724 οθτως
917 2660 962 2716 καί
982 2659 1013 2716 τό
1034 2657 1137 2725 κάλλος
1156 2658 1208 2715 ἀπό
1229 2664 1284 2716 τῶν

97 2761 129 2829 ξί)
159 2763 265 2832 νοητῶν
279 2757 429 2839 ἀρξάμενον
443 2755 573 2818 διαόαίνει
588 2758 632 2817 ἐπὶ
645 2759 692 2816 τόν
706 2759 831 2830 αἰσθητόν
846 2758 961 2834 κόσμον.
980 2756 1237 2838 Ἐναργεστάτην
1254 2755 1283 2815 δέ

159 2863 215 2916 τῶν
235 2859 383 2931 αἰσθήσεων
401 2859 483 2917 καλεῖ
501 2861 552 2931 τήν
573 2855 635 2936 ὄψιν
654 2858 692 2923 ὡς
712 2858 779 2939 πρὸς
800 2859 848 2923 τὰς
871 2854 959 2922 ἄλλας
982 2857 1129 2930 αἰσθήσεις·
1152 2856 1283 2937 τῶνγὰρ

160 2955 254 3014 ἄλλων
266 2957 455 3031 αἰσθήσεων
470 2957 536 3032 αίίτη
552 2957 622 3016 ἐστίν
638 2961 656 3029 ἡ
672 2955 824 3030 ὀξυτάτη·
844 2955 885 3014 διδ
902 2957 948 3013 καί
964 2957 1028 3037 πυρί
1041 2956 1127 3027 αὐτήν
1143 2951 1284 3035 παραθέλ-

160 3052 254 3113 λουσιν
269 3058 296 3114 οί
310 3057 358 3119 τὰς
372 3056 507 3129 αἰσθήσεις
520 3062 578 3122 τοῖς
592 3056 738 3138 στοιχείοις
752 3051 986 3136 παραθάλλονιες.
1001 3053 1094 3141 Ἔσται
1107 3052 1135 3113 δέ
1148 3075 1189 3111 σοι
1204 3051 1285 3126 δῆλον

160 3153 293 3212 ἐντεῦθεν·
311 3154 376 3212 όταν
394 3156 445 3235 γάρ
464 3156 523 3231 ἅμα
541 3157 621 3236 ψόρῳ
641 3155 738 3235 ὁρατόν
751 3152 945 3235 παραγένηται,
958 3154 1092 3212 τουτέστιν
1107 3153 1165 3228 άμα
1182 3154 1284 3232 βροντῇ

96 3254 128 3306 25
160 3252 294 3333 ἀστραπή,
314 3254 444 3335 πρότερον
464 3257 573 3335 όρῶμεν
586 3257 636 3327 τήν
651 3254 802 3335 ἀστραπήν,
818 3252 868 3313 εἶθ’
884 3255 973 3320 οίίτως
990 3254 1083 3335 χρόνῳ
1099 3253 1209 3334 ὕστερον
1225 3252 1286 3333 ἀρι-

62 3376 89 3426 p.
97 3361 144 3415 159
159 3358 261 3409 κνεῑται
280 3353 295 3408 ό
314 3353 400 3434 ψόρος
420 3354 458 3417 εἰς
476 3354 527 3425 τήν
542 3354 676 3433 ἡμετέραν
695 3353 792 3424 άκοήν.
810 3353 858 3410 Διόι
871 3352 898 3409 τί
914 3350 958 3425 δέ;
977 3350 983 3432 Ι
1002 3350 1089 3423 Δῆλον
1106 3349 1148 3407 ότι
1160 3345 1284 3420 ἐπειδήή

161 3447 223 3527 όψις
239 3450 366 3532 άχρόνως
382 3453 443 3531 όρᾷ,
459 3453 488 3510 αἰ
505 3449 534 3508 δί
546 3449 624 3510 άλλαι
639 3451 776 3523 αἰσθήσεις
790 3450 892 3532 χρόνον
907 3449 1022 3509 δέονται.
1040 3446 1184 3527 Ἀναλογεῖ
1197 3445 1225 3504 δέ
1238 3446 1285 3502 καί
1311 3444 1318 3454 ”

160 3554 198 3627 νῷ
217 3552 235 3621 ή
255 3547 324 3626 ὄψις
345 3549 435 3630 ὥσπερ
453 3549 505 3631 γὰρ
524 3549 551 3607 ἐν
566 3550 663 3630 άμερεῐ
681 3549 714 3607 τέι
731 3549 818 3606 πάντα
835 3550 884 3629 όρᾷ
901 3549 916 3605 ό
936 3553 1007 3622 νοῦς,
1025 3548 1098 3606 οίίτω
1112 3548 1157 3604 καὶ
1172 3549 1191 3618 ή
1209 3542 1283 3622 όψις·

160 3647 191 3705 τό
204 3648 256 3729 γάρ
270 3646 407 3725 διάστημα
420 3648 451 3705 τό
466 3646 583 3707 ἐντεῦθεν
599 3649 695 3731 μέχρις
709 3647 824 3729 οὖρανοῦ
839 3645 938 3713 εὐθέως
953 3648 1013 3728 όρᾷ.

99 3828 131 3880 θθ
205 3820 250 3890 ις’.
273 3822 373 3904 Δεϋρό
393 3820 422 3881 τ’
444 3821 868 3906 έλθόντεςκατειλήραμιν
888 3821 979 3900 αιἰτό]
1002 3821 1061 3882 250
1082 3820 1122 3881 D.

205 3977 369 4057 ’Δνάμνησιν
388 3980 438 4061 γὰρ
458 3979 534 4039 αὐτὸ
555 3980 669 4039 ἐνταῦθα
688 3979 818 4059 βούλεται
837 3979 942 4038 ἐκείνου
959 3984 1008 4038 τοῦ
1025 3977 1152 4044 κάλλους.
1171 3940 1284 4055 iiiii]

162 4079 323 4161 ρρόνησις
344 4079 406 4161 οὐχ
423 4081 550 4161 δρᾶται,
565 4080 637 4158 ᾗτινι
655 4079 775 4152 αἰσθήσει
793 4080 839 4137 καὶ
858 4076 919 4156 ὄψει
937 4078 990 4161 οὐχ
1005 4078 1130 4158 δράταιή
1146 4077 1285 4159 ρρόνησις,

193 4322 225 4375 11
242 4322 355 4375 Convio.
369 4323 415 4376 20³
430 4337 490 4390 sqq.

196 4463 243 4516 NG
258 4466 272 4515 l
286 4468 373 4528 ταῦτα,
384 4485 397 4517 τ
407 4465 481 4516 rubr.
495 4470 518 4515 Α
584 4465 668 4532 μνήμη
680 4465 749 4519 plat.
762 4467 822 4518 cod.
835 4467 858 4518 B
922 4465 937 4515 9
950 4466 979 4517 τθ
989 4478 1044 4517 om.
1057 4465 1084 4516 M
1151 4465 1180 4518 12
1196 4470 1287 4534 όλίγων

163 4536 258 4600 scripsi
274 4550 280 4585 ε
296 4540 381 4601 ὀλίγον
398 4536 461 4588 libri
525 4536 552 4589 δί
570 4549 625 4588 om.
644 4539 673 4588 M
740 4539 770 4588 14
786 4541 852 4605 περί,
872 4554 891 4589 π
910 4537 985 4588 rubr.
1001 4541 1025 4588 Α
1089 4537 1134 4602 ὡς]
1152 4535 1237 4607 ὥσπερ
1258 4541 1286 4590 Μ

163 4606 235 4658 Plau.
300 4607 330 4658 16
346 4607 396 4673 ίπί]
415 4610 478 4676 πρδς
494 4612 532 4660 A·
595 4612 669 4662 τοῦτό
691 4615 757 4663 ἐστιν
774 4615 800 4660 Α
862 4609 892 4660 17
916 4613 1051 4675 ἐξέλαμπεν
1072 4609 1101 4659 Μ
1165 4609 1193 4660 21
1216 4613 1288 4693 πρὸς]

161 4688 232 4756 παρίι
249 4688 276 4739 Μ
340 4688 372 4743 22
388 4688 494 4755 ὀξυτάτη
508 4689 597 4742 Plan:
612 4693 715 4759 ὀξυτέρα
729 4690 793 4743 libri
809 4689 867 4754 (sed
881 4693 929 4753 Δί]
994 4689 1025 4741 θθ
1041 4691 1123 4758 δεῦρο,
1139 4692 1153 4743 δ
1168 4690 1245 4742 rubr.
1262 4695 1288 4744 Α
