3150 5504
361 453 415 503 ΕΙΣ
436 455 497 504 ΤΟΝ
520 454 695 504 ΠΛΑΤΩΝΟΣ
718 455 860 506 <impoli
884 457 1006 508 ΣΧΟΛΙΔ
1217 467 1247 518 91

758 532 768 576 l

21 620 89 686 [107]
124 607 178 694 οΓβΓ,
201 615 271 699 [τὸν]
289 616 448 695 τριπλάσιον
465 605 521 694 γάἶ
542 615 612 698 [τὸν]
632 615 821 696 τετραπλάσιον
840 608 892 675 δῖ·
911 621 1028 677 τουτέστι
1044 619 1086 677 διὰ
1100 621 1247 702 τεσσάρων,

123 716 167 773 διὰ
182 719 268 782 πέντε,
291 715 335 773 διὰ
353 721 458 786 πασῶν,
480 714 521 772 διὰ
541 716 617 773 πέντε
637 717 681 772 καὶ
699 713 741 773 διὰ
759 723 865 790 πασῶν,
883 716 926 774 διὰ
944 717 982 783 δὶς
1004 718 1046 776 διύι
1065 721 1182 799 πασῶν),
1203 723 1249 778 καὶ

123 814 165 871 διὰ
180 817 210 872 τὸ
225 816 397 895 περιέχεσθαι
411 813 440 871 δὶ
454 815 497 870 καὶ
510 814 575 878 τοὺς
588 813 718 893 ἀριθμούς
734 815 835 881 πάντας
851 815 877 873 έν
891 818 984 893 ἑαυτῇ·
1001 818 1062 896 ῥίζα
1077 818 1128 897 γὰρ
1142 819 1248 876 πάντων

123 920 178 969 τῶν
197 913 319 993 ἀριθμῶν
336 916 354 984 ἡ
374 914 469 991 τετρὰς
490 911 533 968 διὰ
550 913 581 968 τὸ
600 911 660 968 κατ’
680 912 844 980 ἐπισύνθεσιν
861 923 911 986 τῇς
933 913 1051 990 μονάδος
1071 915 1151 997 ἄχρις
1167 917 1249 989 αύτῇς

76 1016 91 1063 5
124 1009 317 1068 ἀποτελεῖσθαι
336 1012 382 1067 τὸν
404 1009 478 1081 δέκα,
507 1011 553 1066 τὸν
576 1008 604 1066 δὲ
625 1009 689 1067 δέκα
712 1012 799 1068 πάντα
823 1013 890 1069 εἶναι
911 1014 955 1069 τὸν
976 1014 1089 1093 ἀριθμὸν
1108 1016 1153 1070 καὶ
1177 1013 1247 1079 όλως

123 1109 355 1188 τετρόμματον
369 1109 703 1188 καὶτετραπρόσωπον
719 1110 828 1180 αύτὸνὴ
844 1109 979 1189 θεολογία
992 1109 1083 1171 καλεῖ.
1095 1147 1134 1156 -
1146 1109 1247 1177 Λάθοις

124 1205 148 1264 δ’
163 1206 193 1263 ἂν
211 1213 265 1263 τῶν
284 1207 483 1283 ένθουσιασμῶν
497 1208 599 1264 τούτων
614 1208 719 1272 εἰκόνας
737 1209 781 1264 καὶ
796 1207 893 1264 ἐκτῶν
910 1209 1030 1288 λογικῶν
1044 1210 1245 1289 Ξεωρημάτων·

123 1310 157 1380 τῇ
174 1305 222 1379 μὲν
236 1305 287 1384 γὰρ
304 1310 420 1380 μουσικῇ
435 1304 569 1382 ἀνάλογον
583 1304 659 1381 λήψῃ
675 1308 724 1376 τὴν
740 1307 887 1385 οριστικῇν,
904 1306 964 1377 ἥτις
984 1307 1029 1364 τὸν
1050 1307 1190 1388 ἄνθρωπον
1205 1309 1249 1365 καὶ

122 1403 169 1458 τὸν
189 1404 301 1482 ὁρισμὸν
321 1403 402 1460 αὐτοῦ
422 1404 583 1483 συναρμόζει
602 1402 631 1459 ἐκ
651 1404 722 1477 ζῴου
741 1406 785 1461 καὶ
804 1411 905 1477 Ξνητού
925 1407 969 1462 καὶ
986 1405 1111 1463 ἀποτελεῖ
1124 1408 1155 1462 τὸ
1174 1405 1247 1472 εἶδος

60 1490 92 1555 Ῐθ
124 1501 216 1558 αύτού·
232 1506 267 1576 τῇ
278 1500 306 1558 δὲ
319 1501 462 1577 τελεστικῇ
478 1504 529 1573 τὴν
545 1499 707 1582 διαιρετικήν
719 1503 764 1558 καὶ
779 1502 949 1576 ἀναλυτικῇν,
963 1504 1023 1575 ἥτις
1038 1503 1080 1561 διὰ
1092 1510 1147 1561 τῶν
1160 1503 1247 1563 ὑπαλ-

123 1598 218 1672 ληλων
241 1607 326 1678 γενῶν
351 1602 502 1675 ἀναπέμπει
527 1601 569 1657 ἐπὶ
591 1602 620 1658 τὸ
647 1602 837 1679 γενικώτατον·
865 1608 899 1679 τῇ
925 1603 954 1660 δέ
977 1602 1179 1680 ’Δπολλωνιακῇ
1203 1606 1248 1661 καὶ

126 1704 241 1774 μαντικῇ
257 1699 321 1755 αὐτὸ
335 1700 365 1756 τὸ
384 1698 562 1777 γενικώτατον
582 1702 596 1757 δ
616 1701 668 1757 ἀπὸ
687 1707 740 1757 τῶν
761 1699 869 1757 πολλῶν
890 1703 925 1766 εἷς
943 1695 973 1758 τό
992 1703 1020 1758 ἓν
1039 1703 1068 1759 τὸ
1089 1703 1247 1760 ένικώτατον

125 1795 242 1877 ἀφῖκται.
265 1794 366 1863 Λάθοις
384 1796 407 1854 δ’
425 1797 456 1854 δν
469 1799 514 1854 καὶ
532 1799 640 1855 πάντων
654 1804 710 1855 τῶν
725 1797 787 1855 δέκα
803 1799 983 1877 γενικωτάτην
1000 1803 1050 1871 τήν
1066 1799 1108 1856 ἐπὶ
1124 1801 1155 1857 τὸ
1170 1800 1200 1856 θν
1216 1802 1247 1857 τὸ

123 1900 220 1960 κοινῶς
244 1895 350 1952 πάντων
376 1897 614 1975 κατηγορούμενον
638 1897 693 1953 ἀντὶ
716 1904 766 1968 τῇς
792 1897 934 1977 ἐρωτικῆς·
961 1898 1047 1954 πάντα
1073 1899 1123 1978 γὰρ
1150 1898 1192 1955 ἐπὶ
1216 1899 1247 1955 τὸ

62 1994 92 2045 15
125 1994 283 2072 ἀγαθὸνκαὶ
299 1996 313 2050 ό
328 1994 416 2073 ’Έρως
431 1995 534 2073 ἀνάγει.

164 2094 235 2165 Αύτη
261 2092 309 2167 μέν
330 2091 376 2149 ούν
398 2096 415 2163 ἡ
438 2091 511 2159 τάξις
532 2095 577 2149 καὶ
600 2095 628 2150 αἱ
651 2089 723 2150 ένδον
747 2093 773 2150 ἐν
794 2094 860 2169 αὐτῇ
882 2099 916 2169 τῇ
938 2098 1012 2174 ψυχῇ
1037 2100 1092 2150 τῶν
1112 2096 1247 2175 τεσσάρων

124 2191 225 2246 τούτων
248 2194 349 2264 μανιῶν
366 2189 498 2269 ἐνέργειαι
515 2192 561 2246 καὶ
579 2190 718 2264 δυνάμεις.
739 2187 876 2265 Διἰόωμεν
898 2189 930 2261 δὴ
946 2192 990 2247 καὶ
1005 2191 1052 2254 τὰς
1068 2190 1143 2255 ἐκτὸς
1159 2191 1247 2248 αύτῶν

124 2290 161 2354 εἷς
177 2289 221 2344 τὸν
236 2286 376 2367 ύνθρωπον
392 2287 527 2368 ἐνεργείας
542 2290 586 2344 καὶ
605 2289 622 2344 ἃ
636 2287 811 2346 ἀποτελοῦσιν
827 2286 878 2355 ἔξω
896 2290 956 2368 περὶ
976 2292 1062 2363 ἡμᾶς.
1084 2289 1114 2344 Ἠ
1134 2290 1182 2364 μὲν
1202 2289 1248 2346 ούν

126 2389 240 2462 μουσικὴ
257 2386 399 2466 ἐμμέτρως
409 2408 438 2443 τε
451 2388 608 2467 ρθέγγεσθαι
622 2393 696 2444 ποιεῖ
710 2389 754 2443 καὶ
767 2388 889 2466 πράττειν
903 2389 947 2442 καὶ
960 2391 1091 2444 κινεῖσθαι
1106 2388 1246 2466 εύρύθμως

60 2485 92 2535 20
123 2489 168 2544 καὶ
179 2488 212 2543 τὰ
222 2487 419 2566 κατορθώματα
432 2493 486 2543 τῶν
499 2488 585 2544 Βείων
599 2485 702 2566 ἀνδρῶν
716 2488 760 2543 καὶ
775 2487 823 2551 τὰς
838 2486 932 2565 ἀρετὰς
945 2487 990 2542 καὶ
1003 2487 1035 2542 τὰ
1049 2485 1248 2561 ἐπιτηδεύματα

125 2586 212 2642 αὐτῶν
231 2586 373 2666 ἐμμέτρως
393 2583 475 2657 ᾅδειν,
496 2587 540 2642 καὶ
558 2584 602 2642 διὰ
617 2585 721 2642 τούτων
739 2584 874 2642 παιδεύειν
892 2586 938 2641 τὸν
957 2585 1028 2662 βίον,
1050 2586 1139 2664 ὥσπερ
1154 2584 1186 2656 δῇ
1202 2588 1247 2642 καὶ

124 2682 201 2742 ἔνδον
214 2685 380 2764 συνήρμοζεν
393 2687 476 2758 ἡμῶν
488 2684 520 2739 τὰ
536 2685 604 2763 μέρη
620 2692 669 2754 τῆς
685 2689 789 2764 ψυχῆς,
805 2683 835 2738 Ἡ
850 2681 878 2740 δέ
892 2682 1030 2754 τελεστικῇ
1045 2691 1098 2739 πᾶν
1115 2685 1145 2739 τὸ
1165 2683 1247 2740 ἁλλό-

123 2805 196 2862 τριον
221 2784 266 2840 καὶ
296 2779 508 2858 μολυσματῶδες
533 2784 578 2838 καὶ
604 2778 734 2862 βλαόερὸν
758 2781 956 2852 θποδιώκουσα,
981 2779 1074 2839 τέλεον
1097 2785 1180 2857 ἡμῶν
1203 2785 1248 2838 καὶ

125 2877 229 2953 οἰόλαθῆ
246 2883 291 2938 τὸν
307 2882 367 2959 βίον
380 2888 469 2961 τηρεῖ,
485 2881 529 2937 καὶ
548 2881 596 2945 τὰς
612 2880 710 2954 μανίας
725 2880 771 2936 καὶ
786 2878 975 2954 δαιμονιώδεις
989 2881 1134 2960 φαντασίας
1153 2879 1248 2957 -Ῑ-ἆπο·

60 2986 90 3036 25
124 2979 266 3052 διώκουσα,
291 2982 376 3058 ὑγιεῖς
397 2980 442 3036 καὶ
464 2977 632 3058 ὁλοκλήρους
651 2980 695 3034 καὶ
713 2976 832 3042 τελείους
852 2982 927 3052 ἡμᾶς
944 2984 1025 3050 ποιεῖ,
1046 2979 1134 3056 ῶσπερ
1149 2976 1181 3047 δὴ
1202 2979 1247 3033 καὶ

122 3080 171 3149 τὴν
184 3074 260 3133 ένδον
273 3079 366 3158 ψυχὴν
379 3074 472 3133 τελέαν
484 3078 529 3132 καὶ
543 3075 691 3154 ὁλόκληρον
704 3074 802 3133 έποέει.
819 3074 850 3131 Ἡ
862 3073 891 3131 δὲ
906 3079 1020 3150 μαντικὴ
1037 3076 1142 3138 ένιαίως
1159 3096 1244 3131 συναι·

123 3182 163 3254 ρεῖ
176 3175 206 3232 τὸ
222 3174 396 3249 ἐκτεταμένον
410 3176 455 3229 καὶ
470 3172 578 3252 ἄπειρον
596 3179 644 3230 τοῦ
661 3173 773 3254 χρόνου,
794 3175 839 3229 καὶ
857 3175 895 3238 ὡς
914 3173 941 3229 ἐν
956 3174 993 3230 ένὶ
1010 3173 1122 3251 παρόντι
1141 3178 1180 3245 τῷ
1200 3178 1246 3228 νύν

123 3274 155 3330 τὰ
170 3274 255 3329 πάντα
274 3276 323 3353 ὁρᾷ
340 3273 371 3328 τέ
386 3295 414 3330 τε
430 3272 632 3351 παρεληλυθότα
646 3273 772 3344 <καὶ>
786 3272 819 3327 τὰ
838 3271 971 3329 ἐνεστῶτα
989 3273 1034 3327 καὶ
1051 3271 1084 3328 τὰ
1102 3269 1244 3346 μέλλοντα·

124 3370 165 3428 διὸ
184 3370 354 3450 προλέγοντα
372 3370 404 3427 τὰ
424 3370 547 3444 ἐσόμενα,
566 3372 634 3448 ἅπερ
655 3369 720 3440 αὐτῇ
738 3371 776 3433 ὼς
795 3371 911 3449 παρόντα
927 3372 986 3449 ὁρᾷ,
1004 3365 1148 3426 ἄπταιστον
1163 3372 1246 3443 ἡμῶν

60 3474 92 3525 θθ
123 3476 196 3527 ποιεῖ
211 3468 340 3528 διοδεύειν
353 3470 399 3525 τὸν
416 3470 483 3546 βίον·
501 3468 590 3547 ῶσπερ
607 3467 639 3538 δὴ
655 3469 699 3523 καὶ
714 3465 788 3525 ἔνδον
803 3468 889 3532 πάσας
902 3470 951 3532 τὰς
966 3467 1189 3542 πεπληθυσμένας
1202 3469 1247 3524 καὶ

154 3711 169 3761 6
187 3713 203 3774 η
222 3714 337 3777 θεολογίιι
355 3724 361 3758 :
382 3711 480 3775 fragm.
501 3709 644 3773 orphioum
663 3707 753 3759 adhuc
772 3709 920 3767 ineditum
941 3723 994 3760 vox
1013 3714 1181 3777 σετρόμμιιτον
1200 3711 1245 3763 vel

122 3780 298 3848 τετρώμματον
317 3782 424 3832 abesta
441 3781 547 3832 lexicis.

155 3911 202 3961 Nc
218 3910 233 3960 2
246 3913 289 3961 καὶ
303 3914 365 3974 post
378 3912 449 3961 πέντε
463 3922 518 3959 om.
532 3907 562 3957 M
626 3907 726 3957 trustra
737 3909 798 3958 haeo
810 3907 903 3958 omnia
915 3909 1032 3960 tentavit
1043 3913 1100 3960 Αστ
1112 3922 1177 3959 eum
1190 3922 1245 3960 non

122 3981 304 4032 intellexisset
318 3981 352 4030 de
367 3981 473 4032 musica
488 3980 533 4030 hio
545 3979 589 4044 agi
605 3994 611 4029 :
627 3991 726 4029 verum
742 3978 811 4030 vidit
826 3978 943 4029 Βυιιιιιι
1006 3983 1043 4039 δὶς
1058 3981 1100 4032 διὰ
1116 3979 1245 4046 τεσσάρων

122 4063 211 4103 πασῶν
226 4053 371 4117 scripserat
383 4055 417 4113 A,
432 4051 481 4102 sod
495 4051 624 4118 τεσσάρων
641 4050 733 4102 statim
749 4050 853 4101 delevit
915 4053 929 4102 5
947 4050 1037 4116 πάνταΙ
1054 4051 1183 4115 παντελῆθ

121 4124 137 4173 6
150 4124 328 4190 τετρόμματον]
343 4125 518 4190 τετρώμματον
536 4122 563 4171 Μ
581 4137 587 4171 :
602 4122 773 4189 τετρύμμσιτον
789 4122 811 4172 Ε
873 4123 889 4171 9
903 4126 991 4186 θνητοῦ
1007 4124 1106 4172 mirum
1123 4122 1191 4171 mihi
1205 4123 1246 4172 vi·

122 4193 217 4246 detur:
234 4208 298 4244 nam
310 4207 446 4257 nusquam
457 4194 540 4244 homo
550 4201 613 4261 ζῷον
625 4196 711 4256 θνητόν
724 4192 855 4244 definitur
917 4192 949 4244 10
968 4192 1131 4257 ὑπαλλήλωνι
1144 4195 1185 4244 ὑπ’
1200 4196 1246 4245 ἀλ-

122 4265 204 4328 λήλων
220 4267 247 4315 Μ
314 4266 344 4316 12
359 4269 386 4317 τὸ
402 4268 427 4316 ἓν
444 4279 497 4315 om.
517 4266 545 4314 M
610 4264 640 4316 13
657 4265 867 4330 γενικωτάτωνΑ
930 4264 962 4315 14
978 4267 1198 4331 κατηγορουμένην
1215 4265 1243 4314 Μ

185 4336 214 4385 21
233 4332 327 4387 τούτων
344 4349 378 4386 ex
397 4339 441 4386 τού
461 4339 485 4385 Α
548 4335 579 4385 22
598 4343 640 4399 τῆς
656 4335 696 4384 bis
711 4335 818 4398 scripsit
831 4339 855 4385 A
919 4335 951 4386 24
968 4332 1012 4399 τὴν
1029 4338 1118 4398 μανίαν
1132 4337 1175 4384 καὶ
1190 4337 1246 4386 δαι·

125 4405 235 4469 μανιώδη
250 4411 387 4471 φαντασίαν
405 4408 433 4456 M
500 4401 681 4458 ἀποδιῶιουσιι
693 4419 785 4457 errore
799 4420 815 4457 e
827 4406 993 4470 praecedenti
1005 4419 1087 4456 versu
1100 4405 1245 4469 repetitum

185 4477 215 4527 26
235 4482 329 4529 τελείαν
350 4480 378 4529 Μ
443 4479 473 4528 27
490 4480 647 4541 ἐντεταμένον
668 4478 697 4527 Μ
761 4478 793 4528 28
808 4481 851 4529 καὶ
870 4477 963 4528 addidi
982 4484 1043 4542 post
1060 4479 1246 4544 προεληλυθότα

185 4549 216 4599 τὰ
237 4553 358 4612 μέλλοντα
379 4551 469 4602 καὶτὰ
490 4553 613 4600 ἐνεστῶτα
633 4549 661 4598 Μ
725 4549 757 4599 29
778 4548 852 4616 οἷπερ]
870 4549 930 4616 όιιερ
950 4550 978 4599 Μ
1045 4547 1117 4612 αύτὴ]
1137 4549 1199 4623 αὐτῇ
1215 4551 1243 4599 Μ

187 4622 334 4678 ὡςοιυ.Μ
400 4621 597 4685 ἡμῶνῙήμῖνΜ
663 4620 1153 4672 3οποιεῖῦθκοοτε.ΜιποιεῖνΑ
