3120 5506
324 468 371 522 178
696 470 838 523 mmor
859 472 1055 523 ΦΙΛΟΣΟΦΟΥ

227 626 292 694 [157]
324 622 459 704 ἐνέσπειρε
478 627 581 710 ψυχὰς
602 630 797 710 ἰσαρίθμους
817 638 889 697 τοῖς
911 631 1057 712 άστροις,
1077 630 1131 714 οὐχ
1149 630 1191 706 δἐι
1209 630 1232 690 εί
1251 629 1333 712 τιίχοι
1352 629 1445 712 χιλίας

323 721 433 795 ἐποίησε
453 723 552 804 (δῆλον
573 728 620 803 μὶν
637 727 714 808 γάρ)·
738 728 803 787 ἀλλ’
822 729 899 806 ὅμως
917 729 1038 788 κατὰτὰ
1059 726 1121 803 είδη
1143 728 1307 804 ἀκούσαμεν.
1330 730 1447 801 Ποιήσας

226 814 308 878 1)·158
326 819 373 879 οὗν
392 819 532 898 Ἠλιακθις,
558 823 737 904 Σεληνιακάς,
759 827 846 901 Διίας,
871 827 876 909 Ι
898 826 1031 909 ἔσπειρε
1048 828 1096 892 τὰς
1118 827 1176 903 μὶν
1196 827 1242 891 ε1ς
1261 834 1335 906 γῆν,
1353 826 1401 892 τὰς
1419 825 1445 884 δλ

323 918 462 1002 ἀλλαχοῦ.
488 921 566 1002 Λέγει
590 923 637 982 οὗν
661 932 708 983 νῦν
731 926 893 1002 ίπθμενοι
920 927 1002 1002 μετὰ
1027 925 1085 1002 μὶν
1109 926 1183 991 Διὸς
1208 928 1310 1001 ἡμεῖς
1337 925 1376 991 ὡς
1401 924 1445 982 τὸν

276 1013 291 1062 5
324 1017 425 1076 οἰκεῖον
445 1021 511 1079 θεὸν
530 1020 654 1102 ἐπιγνοὺς
670 1026 684 1080 θ
699 1023 826 1085 Πλάτων.
846 1030 932 1083 Τοῦτο
949 1025 1001 1105 γάρ
1020 1024 1089 1082 ἐστιν
1105 1022 1264 1100 εὐδαιμονία
1278 1023 1445 1103 ἀνθρωπίνης

323 1120 427 1199 ψυχῆς,
443 1119 473 1177 τὸ
489 1121 726 1203 συμπεριπολῆσαι
738 1129 797 1189 τοῖς
814 1123 927 1188 οίκείοις
943 1129 1032 1189 θεοῖς·
1050 1120 1112 1180 οθδέ
1131 1122 1182 1204 γάρ
1201 1117 1350 1204 θπερθῆναι
1366 1122 1444 1187 θεοὺς

322 1213 445 1278 δυνατόν.

364 1397 414 1476 ιβ’.
438 1401 497 1458 Καὶ
520 1401 709 1483 ἐτελοῦντο]
732 1405 791 1465 250
812 1404 849 1465 Β.

360 1562 487 1635 Τελετή
508 1563 625 1638 ἐκλήθη,
645 1565 734 1629 καθὼς
751 1562 804 1636 ήδη
820 1562 950 1639 εἴπομεν,
967 1564 1039 1643 παρά
1052 1563 1084 1620 τὸ
1097 1561 1194 1620 τελέαν
1206 1563 1256 1634 τήν
1271 1563 1364 1643 ψυχήν
1378 1560 1445 1617 ἀπο-

260 1657 292 1709 Ῑί)
320 1660 426 1722 τελεῖν.
448 1659 524 1743 Ὀρᾷς
543 1662 590 1720 οὗν
609 1663 651 1721 δἐι
671 1663 752 1722 τελέα
772 1665 807 1735 ἦν
828 1666 845 1736 ή
866 1664 942 1744 ψυχὴ
963 1681 969 1695 ·
992 1662 1105 1719 ἐνταῦθα
1125 1659 1154 1718 δέ
1178 1662 1337 1741 μεμέρισται
1354 1661 1398 1716 καὶ
1416 1659 1445 1716 οὗ

321 1758 432 1818 δύναται
453 1760 595 1841 ἐνεργῆσαι
615 1760 667 1835 δ’λη
687 1761 746 1820 καθ’
765 1763 872 1834 ἑαυτήν.
898 1761 964 1819 Είπε
984 1759 1012 1819 δὲ
1032 1763 1069 1834 ἣν
1087 1760 1187 1836 εέμις
1206 1759 1325 1818 είπεῖν·
1346 1759 1377 1816 οὐ
1397 1758 1444 1838 γάρ

323 1855 412 1924 ἁπλῶς
426 1863 444 1932 ή
460 1858 512 1917 Βία
527 1859 627 1933 ἐστὶνή
645 1862 851 1942 μακαριωτάτη·
866 1862 881 1918 δ
895 1862 945 1940 γάρ
961 1861 1031 1940 ὁρῶν
1048 1859 1086 1924 ὡς
1099 1857 1187 1924 ’ἄλλος
1201 1857 1270 1916 ἄλλο
1285 1860 1347 1939 δρᾷ,
1365 1855 1405 1915 δεῖ
1418 1854 1444 1912 δὶ

321 1957 368 2013 καί
387 1955 483 2016 ἐνωσιν
503 1958 638 2038 γενέσθαι·
660 1963 678 2031 ἡ
699 1958 830 2040 ἐνίδρυσις
851 1958 898 2017 οὖν
919 1956 965 2033 είη
986 1957 1018 2015 δν
1038 1961 1056 2030 ή
1074 1958 1278 2038 μακαριωτάτη.
1300 1954 1401 2014 Είδίναι
1418 1953 1445 2012 δὲ

322 2053 363 2114 δεῖ
378 2056 418 2113 ὅτι
430 2055 497 2116 ἄλλο
512 2057 567 2115 ἐστὶ
577 2058 689 2131 τελετή,
705 2057 777 2117 άλλο
788 2059 901 2135 μθησις,
913 2056 984 2116 άλλο
997 2056 1140 2118 ἐποπτεία.
1155 2055 1186 2114 'fl
1202 2057 1251 2133 μὲν
1266 2054 1313 2114 οὖν
1327 2055 1443 2125 τελετή

260 2149 290 2198 ¹⁵
323 2153 455 2235 ἀναλογεῖ
468 2161 502 2233 τῇ
513 2162 722 2237 προπαρασκευῇ
734 2161 886 2238 καθαρμοῖς
898 2158 944 2214 καί
957 2163 1017 2222 τοῖς
1030 2156 1149 2232 ὁμοίοις·
1163 2159 1181 2227 ἡ
1198 2153 1226 2213 δέ
1242 2155 1375 2231 μύησις,
1387 2153 1444 2224 ήτις

322 2254 395 2335 παρδι
409 2254 440 2311 τδ
456 2255 535 2330 μύειν
550 2254 651 2338 ἐλέχθη
664 2255 727 2321 τοὺς
746 2254 915 2337 ὀφθαλμοὺς,
936 2256 1060 2335 Βειοτέρα
1079 2253 1146 2312 ἐστί·
1166 2253 1198 2312 τὸ
1218 2252 1270 2335 γάρ
1290 2253 1367 2328 μύειν
1384 2251 1444 2315 τοὺς

324 2350 492 2433 ὀφθαλμοὺς,
507 2359 587 2412 τοῦτο
601 2351 701 2411 ἔστιτὸ
715 2354 812 2430 μηκέτι
829 2354 948 2426 αίσθήσει
958 2349 1052 2411 λαθεῖν
1069 2352 1160 2411 ἐκεῖνα
1173 2352 1206 2409 τά
1218 2358 1287 2410 θεῖα
1302 2353 1444 2431 μυστήρια,

323 2449 398 2509 ἀλλά
412 2451 480 2529 αὐτῇ
493 2456 568 2534 ψυχῇ
583 2455 697 2533 καθαρᾷ·
715 2454 746 2510 τὸ
766 2451 794 2511 δὲ
812 2461 862 2525 τῆς
876 2451 1058 2518 ἐποπτείας
1073 2453 1105 2509 τὸ
1118 2450 1284 2531 ἐνιδρυθῆναι
1298 2448 1447 2535 αὐτοῖςκαὶ

327 2548 447 2622 ἐπόπτην
462 2549 549 2607 αὐτῶν
564 2552 697 2629 γενέσθαι.
713 2551 801 2608 -Τὸ
817 2549 845 2608 δέ
860 2552 1061 2632 θργιάζομεν
1080 2549 1122 2607 θ’τι
1139 2550 1170 2607 τὸ
1184 2550 1218 2607 τά
1232 2546 1314 2629 ὄργια
1330 2546 1446 2625 μετιέναι

261 2640 293 2694 20
324 2647 414 2704 καὶτὰ
430 2649 564 2728 μυστήρια
579 2648 712 2729 ὀργιάζειν
727 2647 844 2728 λέγεται.

366 2833 410 2911 ιγ’.
433 2831 629 2912 Ὀλθκληροι
651 2833 709 2910 μὲν
730 2835 824 2894 αὐτοὶ
846 2831 952 2911 ὄντες]
974 2834 1034 2894 250
1056 2832 1092 2894 C.

363 3011 405 3085 Τῷ
425 3005 482 3064 θντι
498 3006 537 3069 ὡς
557 3005 677 3080 ἐπόπτης
695 3005 785 3065 ἐκεῖνα
802 3005 836 3065 τά
853 3012 919 3065 seta
935 3006 1068 3086 μυστήρια
1079 3004 1220 3086 ρθίγγεται
1236 3004 1251 3061 ὁ
1268 3002 1394 3063 Πλάτων.
1410 3037 1447 3047 -

324 3102 525 3186 Ὀλόκληροι
541 3105 600 3162 ἀντὶ
614 3110 661 3163 τοῦ
676 3104 785 3166 τίλειοι.
804 3141 843 3151 -
857 3102 936 3161 Ὅσα
955 3102 983 3161 δὲ
1002 3102 1034 3162 ἐν
1054 3103 1177 3183 ὑστίρῳ
1198 3103 1285 3175 εἶπεν,
1307 3102 1381 3174 δτιή
1401 3105 1448 3158 τοῦ

326 3203 454 3279 σώματος
475 3203 602 3263 κοινωνία
623 3205 693 3264 αίτία
711 3205 810 3285 γίνεται
827 3211 875 3276 τῆς
892 3202 1023 3268 πτώσεως
1041 3209 1092 3274 τῆς
1110 3205 1211 3282 ψυχῆς.
1228 3235 1267 3246 -
1288 3200 1337 3257 Διά
1357 3197 1386 3257 δὶ
1400 3205 1447 3256 τοῦ

260 3309 292 3360 25
323 3301 426 3382 ἀτρεμῇ
446 3302 476 3360 τὸ
496 3302 602 3384 ίδραῖον
619 3304 665 3360 καὶ
683 3305 809 3384 σταθερὸν
826 3307 879 3360 τῶν
896 3306 1002 3375 νοητῶν
1022 3298 1187 3359 ἐνδείκνυται.
1205 3333 1243 3343 -
1257 3298 1292 3355 Τδ
1308 3295 1338 3355 δέ
1353 3296 1448 3373 μυοί-

325 3422 423 3476 μενοι
438 3402 492 3458 καί
510 3400 754 3468 ἐπόπτειίοντες
774 3402 812 3466 ὡς
829 3400 883 3458 άπὸ
897 3405 952 3458 τῶν
968 3396 1089 3458 τελετῶν
1104 3404 1158 3455 τῶν
1173 3396 1200 3455 ἐν
1214 3395 1348 3455 Ἐλευσῖνι
1362 3393 1447 3473 λέγει.

324 3531 363 3544 -
386 3497 437 3559 Ἐν
460 3499 545 3578 αὐγῇ
568 3503 693 3579 καθαρᾷ
715 3500 854 3579 καθαροὶ
878 3497 985 3573 ὄντες,
1006 3497 1082 3569 θ’τιή
1105 3495 1218 3554 ἐνταῦθα
1236 3494 1305 3574 αὐγή
1327 3493 1377 3552 οὐκ
1395 3490 1449 3550 ἐστι

322 3598 437 3679 καθαρά·
457 3598 643 3676 συμμίμικται
661 3600 712 3680 γάρ
730 3605 771 3674 τῷ
788 3598 857 3678 άέρι.
875 3632 915 3643 -
937 3595 1082 3676 Καθαροί
1102 3593 1131 3653 δέ
1149 3591 1242 3660 ὄντες
1260 3593 1336 3652 εἶπεν
1356 3590 1443 3651 ἐπειδ”

325 3696 368 3771 μή
388 3699 518 3776 καθαρῷ
536 3700 681 3778 καθαροῦ
700 3698 863 3755 ίίπτεσθαι
882 3694 931 3753 οθκ
949 3691 1004 3754 ἐστι
1025 3693 1180 3770 θεμιτόν.
1197 3727 1235 3739 -
1252 3690 1448 3767 Ἀσήμαντοι

261 3798 292 3851 30
323 3792 352 3852 δὲ
373 3797 411 3870 μή
431 3796 617 3876 περιφέροντες
636 3800 716 3853 τοῦτο
734 3795 765 3853 τὸ
782 3799 910 3870 σημεῖον.
929 3827 968 3838 -
988 3790 1138 3873 Ὀστρίου
1156 3791 1277 3871 τρόπον
1296 3787 1389 3861 ἐπειδὴ
1409 3788 1446 3852 ὡς

323 3894 357 3950 τὰ
371 3890 467 3974 ὄστρεα
480 3892 638 3970 ἐνδεδεμίνα
652 3895 728 3968 είσὶν,
745 3893 817 3952 οθτω
830 3893 876 3952 καὶ
887 3896 968 3968 ήμιῖς
982 3890 1105 3953 ἐνταῦθα.

353 4144 489 4211 θεῖπομιν
503 4145 559 4206 172,
573 4145 605 4198 13
667 4145 699 4198 29
716 4142 815 4196 Plued.
827 4143 894 4196 67ss

354 4287 403 4341 Nc
418 4289 434 4342 2
450 4290 504 4343 ἀλλ’
519 4289 588 4354 ὅμως
602 4302 609 4339 :
624 4289 686 4340 ίοεθ.
701 4287 755 4353 leg.
769 4287 834 4338 άλλλι
850 4288 931 4351 μόνως
994 4284 1009 4334 1
1029 4283 1155 4348 ίπομίνως
1168 4282 1193 4331 Α
1255 4279 1272 4330 θ
1288 4276 1358 4344 οὖδί]
1369 4276 1400 4330 οὗ
1414 4280 1449 4328 Α·

384 4361 631 4424 θκα1,κῐιι1)ι“.Α
694 4358 726 4410 10
741 4356 777 4424 δὲ]
790 4357 879 4411 οὗνΜ
944 4355 974 4408 11
992 4352 1147 4420 ἢν]ἡΡίειθ.
1163 4351 1224 4403 cod.
1243 4342 1449 4424 Β;ή“οοᾱ.Τ;

322 4431 352 4498 ἣν
370 4445 462 4498 apogr.
481 4431 543 4483 edd.
606 4431 638 4484 12
658 4431 724 4483 ἔστιν
744 4432 769 4479 Α
832 4427 862 4478 11
878 4428 922 4479 καί
941 4427 1002 4478 ἄλλο
1025 4421 1114 4490 μάησις
1131 4424 1160 4473 Μ
1226 4422 1256 4472 15
1273 4423 1350 4481 <ml
1367 4423 1450 4479 τοῖς>

321 4503 482 4572 καθαρμοῖςθ
502 4513 503 4518 ’
546 4503 576 4554 19
593 4498 752 4571 δργιάζομιν]
774 4498 930 4568 ὠργιάζομεν
951 4497 1020 4547 Plan.
1038 4495 1099 4548 cod.
1120 4494 1210 4544 Marc.
1231 4492 1279 4543 189
1340 4491 1372 4542 21
1391 4493 1451 4543 δλθ·

321 4577 419 4642 κληροι,
439 4578 453 4626 δ
472 4574 549 4626 rubr.
568 4576 593 4625 A
656 4573 688 4625 22
707 4581 743 4640 τῷ
763 4571 826 4634 ίίντι]
844 4571 873 4622 τδ
888 4570 944 4638 ἄρτι
962 4566 993 4618 Μ
1056 4567 1145 4620 25καί
1164 4566 1193 4618 ἐδ
1215 4563 1337 4632 σταθερὸν
1357 4561 1387 4613 Μ

320 4645 352 4698 29
368 4645 518 4712 ἐφάπτεσθαι
533 4645 603 4697 plat.
668 4644 700 4696 30
713 4646 827 4711 φέροντες
840 4642 870 4694 Μ
