3120 5506
348 463 393 515 182
729 455 871 508 ΕΡΜΕΙΟΥ
891 455 1089 509 ΦΙΛΟΣΟΦΟΥ

249 614 313 682 [160]
386 608 441 668 κα’.
465 604 589 666 Ἰδόντα
609 605 638 665 δ’
660 606 768 690 αὐτόν]
791 608 848 668 251
871 605 909 668 Α.

260 786 273 807 ’
385 773 516 834 Βούλεται
535 775 623 834 εῖπεῖν
640 774 674 832 τά
692 769 873 851 σομόαὶνοντα
890 776 951 856 περὶ
968 775 1018 848 τὴν
1037 772 1104 833 θὲαν
1122 776 1167 833 καὶ
1182 776 1234 848 τήν
1253 776 1404 852 ἀνάμνησιν
1417 785 1462 836 τού

345 879 445 946 νοητοῦ
461 872 579 939 κόλλους
598 871 689 931 ἰδόντα
706 874 737 931 τὸ
756 872 861 939 κάλλος
877 874 924 931 καὶ
943 873 973 930 ἐκ
988 873 1084 931 τούτου
1098 872 1365 950 ἀναπεμπαζόμενον
1383 874 1424 932 ἐπὶ
1435 877 1463 933 τό

345 971 442 1044 νοητὸν
457 969 563 1056 κάλλος·
582 969 616 1028 ἐκ
632 971 684 1052 γάρ
702 978 758 1043 τῆς
778 970 894 1053 φρίκης
916 964 1084 1047 μεταόολὴ
1107 966 1283 1047 λαμόάνει·
1308 969 1383 1041 διττὴ
1404 969 1463 1043 δὶη

297 1066 312 1116 5
346 1064 498 1144 μεταόολή,
514 1071 532 1140 η
549 1069 598 1144 μὲν
617 1069 670 1126 ἀπὸ
687 1074 735 1125 τοῦ
754 1073 852 1140 νοητοῦ
872 1067 915 1125 ἐπὶ
932 1069 981 1140 την
992 1064 1098 1146 ’γῖνεσεν
1114 1062 1266 1143 μεταόολὴ,
1284 1072 1320 1142 ἢν
1333 1069 1380 1126 καῖ
1393 1069 1463 1126 ἀπό-

343 1191 467 1226 πτωσιν
488 1167 547 1226 εῖπε
562 1174 613 1240 τῆς
631 1171 734 1248 ψυχῆς,
750 1170 767 1240 ἣ
783 1166 812 1224 δὲ
825 1167 878 1224 ἀπὸ
897 1174 947 1239 τῆς
964 1167 1093 1246 γενέσεως
1109 1165 1152 1224 ἐπὶ
1167 1167 1197 1224 τὸ
1211 1168 1321 1241 νοητόν,
1340 1171 1375 1240 ἣν
1389 1169 1464 1226 θέαν

343 1265 432 1326 καλεῖ.
455 1272 507 1323 Νύν
527 1263 573 1323 οὗν
595 1267 726 1346 περὶτῆς
748 1267 955 1347 πτιροφυηαεως
976 1263 1104 1344 βούλεται
1124 1266 1207 1324 εἰπεῖν
1227 1271 1287 1331 πῶς
1308 1265 1420 1347 ἄρχεται
1436 1266 1464 1322 τό

343 1366 442 1446 πτερὸν
463 1362 599 1446 ἀρδεσθαι·
618 1364 706 1422 πάντα
725 1362 857 1422 δὲταῦτα
880 1368 1070 1446 μεταφορικῶς
1093 1362 1177 1442 λέγει.
1201 1362 1324 1445 Ἱδρώς,
1348 1365 1465 1423 τοοτόστι

345 1470 421 1529 θεῖος
435 1461 527 1544 ῖδριός·
544 1462 655 1520 ἐνταῦθα
665 1462 717 1543 γάρ
733 1460 830 1534 οὖσαὴ
846 1463 921 1543 ψυχὴ
936 1468 975 1537 τῷ
988 1460 1045 1520 ἀντι
1059 1461 1142 1544 ἱδροῖ,
1154 1460 1207 1528 ἕως
1224 1464 1255 1520 ού
1269 1459 1466 1543 καταδράξηται

283 1556 314 1608 ¹⁰
345 1569 393 1621 τού
408 1568 517 1635 νοητοῦ·
533 1571 582 1634 τῆς
596 1559 644 1620 οὖν
657 1561 790 1640 γενέσεως
803 1561 919 1637 σημεῖόν
934 1560 1004 1618 ἐστιν
1019 1562 1034 1618 ό
1048 1560 1143 1641 ἱδρώς·
1164 1560 1264 1641 ἱδρὼς
1283 1560 1332 1620 οὖν
1347 1568 1464 1627 τοιοῦτος

346 1656 510 1737 λαμόάνει
531 1661 568 1725 ὡς
588 1660 734 1719 ἀποθέσθαι
753 1662 803 1734 τήν
821 1660 1011 1740 γενεσιουργδν
1030 1659 1174 1741 ἀνέργειαν.
1196 1658 1228 1716 Ἡ
1250 1658 1278 1716 δὲ
1300 1662 1465 1741 θερμότης

345 1757 419 1822 οἶδας
440 1757 482 1815 ότι
502 1760 600 1830 ζωτικη
623 1757 689 1816 ἐστι·
709 1759 755 1816 καὶ
773 1757 824 1840 γάρ
837 1758 883 1816 καὶ
900 1757 933 1815 τά
947 1756 1060 1816 ἐνταῦθα
1075 1758 1162 1815 πάντα
1177 1757 1218 1815 διάι
1233 1766 1283 1830 τῆς
1296 1758 1465 1838 θερμότητος

345 1854 468 1931 σῴζεται·
492 1853 567 1913 ἔσται
585 1856 633 1914 σύν
654 1860 672 1929 η
692 1857 830 1938 θερμότης
847 1859 865 1928 ἡ
885 1856 1025 1936 ἀναγωγός
1046 1854 1160 1933 δύναμις
1178 1865 1230 1929 τῆς
1250 1860 1343 1940 ψυχῆς
1361 1865 1412 1930 τῆς
1427 1856 1467 1915 διὰ

345 1955 428 2035 πυρός
444 1955 534 2028 ζώσης
549 1960 605 2012 τῶν
620 1961 737 2028 νοητῶν.
753 1956 789 2013 Τδ
805 1954 835 2014 δὲ
847 1956 952 2030 ἀήθης
966 1957 1041 2015 εἶπεν
1056 1954 1149 2026 ἐπειδὴ
1163 1956 1217 2036 πρὸ
1232 1956 1330 2015 τούτου
1345 1956 1395 2014 ούκ
1411 1958 1467 2037 εἶχε

284 2047 314 2100 15
346 2053 473 2126 τοιαύτην
493 2054 662 2134 θερμότητα,
683 2052 710 2111 ἀν
731 2053 786 2130 όσῳ
805 2055 839 2126 ἦν
855 2056 917 2135 περὶ
937 2056 988 2126 τὴν
1006 2055 1110 2134 γένεσιν
1131 2054 1362 2136 ἀναστρεφομένη·
1386 2056 1466 2129 μήπω

344 2152 395 2231 γάρ
414 2151 616 2227 ἀναμνησθεῖσα
633 2156 689 2209 τῶν
706 2157 822 2226 νοητῶν,
843 2150 919 2210 ούπω
943 2151 1004 2235 εἶχε
1025 2151 1152 2225 τοιαύτην
1170 2152 1331 2232 θερμότητα
1349 2152 1464 2232 ἐνεργόν.

348 2246 454 2320 Ἐπειδὴ
471 2248 499 2307 δὲ
513 2246 611 2330 ἤρξατο
624 2250 886 2328 ἀναμιμνῄσκεσθαι,
900 2251 1077 2331 θερμαίνεται
1088 2253 1134 2308 καὶ
1147 2251 1287 2331 ἀνάγεται·
1304 2252 1349 2308 καὶ
1361 2250 1465 2330 γὰρκαὶ

347 2346 459 2406 ἐνταῦθα
473 2351 490 2420 ἡ
507 2349 647 2430 θερμότης
660 2350 785 2432 ἀναφέρει
799 2350 829 2407 τό
847 2350 928 2430 ὑγρὸν
943 2348 986 2407 ἐπὶ
998 2349 1029 2407 τὸ
1045 2348 1112 2412 ἀνω.

385 2525 440 2592 κθ.
464 2528 651 2607 Δεξάμενος
673 2530 733 2610 γάρ
753 2535 810 2588 τού
830 2526 992 2614 κάλλους]
1014 2531 1071 2590 251
1095 2530 1132 2590 Β.

172 2748 173 2751 ς
285 2692 316 2743 20
388 2684 444 2743 Διά
461 2685 512 2766 γὰρ
530 2690 593 2743 τῶν
607 2686 767 2762 όμμάτων
783 2691 800 2760 ἦ
816 2687 967 2763 ἀνάμνησις
981 2684 1095 2767 γῖνεταε.
1111 2689 1175 2760 Τὴν
1189 2686 1218 2747 δὶ
1233 2687 1399 2780 ἀπορροὴν
1413 2686 1467 2744 ἀντὶ

241 2791 331 2843 ῖ·66ι··
347 2790 396 2841 τοῦ
419 2781 521 2842 εῖδωλα
541 2789 589 2842 τοῦ
612 2784 742 2851 κάλλους.
763 2821 802 2831 -
823 2783 1021 2862 Δεξάμενος,
1043 2785 1135 2858 ἐπειδὴ
1151 2783 1165 2868 Ι
1188 2792 1309 2866 μερικῶς
1331 2792 1387 2844 τῶν
1404 2783 1468 2862 τῇδε

348 2879 587 2959 ἀντιλαμόάνεται.
603 2916 643 2930 -
659 2883 856 2965 Ἐθερμάνθη
869 2883 898 2943 δὲ
910 2884 968 2942 ἀντὶ
981 2890 1029 2943 τοῦ
1041 2886 1203 2962 ἀπεκινηθη,
1217 2885 1315 2957 καθδὴ
1331 2884 1469 2964 ἀναγωγός

348 2982 430 3054 αὐτῆς
447 2979 559 3058 δύναμις
570 2980 682 3064 ἀρχεται
696 2981 831 3064 ἀρδετθαι,
844 2983 936 3065 ὥσπερ
950 2984 994 3041 καὶ
1005 2984 1105 3045 ἀνθεῖν.
1122 2984 1172 3041 Τὸν
1187 2983 1267 3043 αύτὸν
1282 2981 1423 3065 δὲτρόπον
1438 2981 1467 3038 ἀν

348 3079 424 3139 εἴποι
442 3103 482 3146 τις
499 3079 542 3138 ἐπὶ
559 3086 613 3138 τῶν
629 3079 753 3139 καλύκων
770 3087 824 3140 τῶν
839 3081 927 3162 ῥόδων
944 3083 985 3140 ότι
1000 3082 1141 3159 μεμυκότα
1156 3082 1222 3156 ἐστὶ,
1240 3079 1468 3162 θερμανθύνταδά

285 3186 317 3237 25
349 3178 521 3247 ἑξαπλούται·
538 3180 610 3259 λέγει
625 3178 653 3237 δὲ
666 3181 726 3261 περῖΙ
741 3188 791 3254 τῆς
805 3177 980 3248 ἐξαπλώσεως
994 3183 1039 3240 καὶ
1051 3181 1147 3240 ἀνόδου
1160 3190 1211 3255 τῆς
1226 3184 1328 3263 ψυχῆς.
1342 3216 1383 3226 -
1395 3189 1434 3239 Θε
1439 3204 1469 3262 ρ-

350 3279 513 3353 μανθὲντα
533 3276 566 3335 δὲ
580 3277 691 3351 ἐτάκη·
707 3280 768 3337 τότε
778 3282 830 3360 γάρ
843 3282 878 3352 ἦν
893 3280 1136 3357 συμμεμυκότα
1153 3280 1213 3338 ύπά
1228 3279 1467 3361 σκληρότητος,

348 3381 394 3433 νῖιν
414 3374 443 3433 δὲ
461 3375 561 3449 ἐτάκη
580 3378 625 3433 καὶ
645 3375 756 3450 διελύθη
774 3379 819 3434 καὶ
840 3376 939 3436 εύλοτα
955 3379 1052 3458 γέγονε
1071 3378 1156 3437 πάντα
1169 3378 1202 3436 τά
1215 3378 1391 3459 γενεσιουργά
1405 3380 1468 3459 πρὸς
1517 3386 1519 3389 ’

348 3474 505 3554 ἀναγωγήν.
522 3474 636 3533 Δόναται
654 3472 683 3532 δὲ
699 3476 729 3532 τὸ
747 3475 847 3549 ἐτάκη
864 3477 901 3541 ὡς
915 3475 959 3533 ἐπὶ
973 3482 1020 3534 τοῦ
1034 3484 1123 3558 κηροῦ
1138 3472 1338 3553 λαμόάνεαθαι,
1353 3478 1413 3535 ἀντὶ
1424 3482 1469 3534 τού

350 3571 460 3645 διελύθη
471 3575 516 3631 καὶ
527 3572 663 3645 ἧπλωται·
679 3575 724 3632 καὶ
738 3574 788 3655 γὰρ
799 3575 909 3654 δκηράς
924 3574 1075 3651 τηκόμενος
1089 3577 1184 3658 χάεταε
1197 3576 1242 3634 καὶ
1257 3573 1407 3637 διαλύεται.
1421 3575 1469 3633 Καὶ

287 3673 318 3727 ³0
350 3671 462 3729 ἐνταῦθα
481 3670 511 3729 δὲ
528 3679 643 3748 σημεῖον
660 3676 752 3755 ψυχῆς
773 3670 920 3739 σπουδαίας
940 3674 1154 3750 ποιούμεθαςτά
1174 3670 1201 3741 ἐξ
1217 3673 1319 3754 ἀλόγων
1341 3674 1475 3756 ἀφορμῶν,

349 3772 393 3827 καὶ
409 3771 580 3846 μαθημάτων
593 3769 688 3829 πολλὰ
702 3770 829 3828 δύνασθαι
842 3777 942 3832 τεκεῖν.
960 3773 1010 3830 Καὶ
1028 3771 1141 3830 ἐνταῦθα
1157 3771 1204 3830 σύν
1223 3771 1254 3829 ἐκ
1271 3780 1325 3845 τῆς
1342 3773 1409 3836 θόας
1428 3772 1471 3828 καὶ

349 3878 401 3941 τῆς
415 3863 574 3950 προσόολῆς
588 3875 636 3927 τοῦ
650 3868 771 3935 κάλλους
786 3870 866 3952 φησὶν
878 3868 918 3927 ότι
933 3869 1119 3951 ἐθερμάνθη
1134 3872 1178 3928 καὶ
1191 3870 1312 3944 ἡπλιύθη
1327 3872 1373 3928 καὶ
1387 3870 1430 3928 ἐπὶ
1440 3871 1471 3927 τά

350 3965 404 4026 όλα
421 3966 546 4027 ἀνελθεῖν
566 3966 687 4042 ἠδυνήθη
709 3970 747 4027 τά
767 3970 842 4051 περὶ
862 3971 921 4042 τὴν
940 3965 1083 4053 ἔκφυσιν,
1107 3971 1124 4028 ἀ
1145 3968 1231 4028 πύλαι
1254 3971 1305 4030 ὑπὸ
1328 3968 1470 4051 σκληρό·

285 4262 286 4265 =
383 4229 429 4280 Nc
453 4229 581 4292 mma,
606 4231 613 4281 ῖ
636 4228 710 4280 rubr.
730 4231 755 4280 A
822 4230 850 4283 ’δὲ
871 4231 899 4280 Μ
970 4232 984 4280 3
1009 4232 1084 4283 ῖδόντι
1106 4235 1133 4282 et
1155 4229 1411 4299 ἀναπεμπαζομόνῳῖ

350 4301 365 4351 7
387 4300 442 4367 οὖν]
463 4302 489 4353 δὲ
508 4302 536 4351 Μ
601 4299 632 4352 10
651 4306 755 4365 σημεῖον
771 4300 844 4353 ’ἐστὶν
864 4304 889 4352 Α
953 4302 983 4353 12
1002 4305 1091 4354 torm
1156 4302 1205 4369 γάρ
1224 4301 1278 4368 καὶ]
1296 4302 1362 4354 κατὰ
1382 4303 1409 4352 Μ

351 4374 380 4423 14
406 4371 498 4438 ζώσης]
523 4376 547 4422 Α
570 4379 674 4437 ζωτικῆς
698 4373 727 4423 Μ
792 4371 851 4440 πρδ]
871 4375 942 4441 πρὸς
972 4374 1000 4424 Μ
1066 4375 1096 4425 17
1123 4376 1166 4425 καὶ
1194 4380 1255 4438 post
1282 4373 1332 4440 γὰρ
1358 4386 1413 4424 om.
1442 4373 1468 4422 Μ

412 4444 444 4495 18
465 4446 580 4513 ἀναφέρω
599 4447 624 4495 Α
687 4443 718 4494 19
739 4442 880 4509 δεξόμενος,
902 4447 915 4495 ὃ
938 4445 1012 4495 rubr.
1034 4448 1057 4495 Α
1121 4446 1152 4496 25
1174 4447 1337 4504 ἀξαπλοῡνται
1357 4442 1410 4494 ΕΜ

349 4558 422 4611 25·26
438 4558 611 4627 θερμανθέντα]
625 4528 759 4628 θερμανθίά
773 4563 797 4610 Α
814 4574 820 4609 :
836 4562 1011 4627 θερμανθέντος
1027 4562 1097 4615 Plat.
1110 4577 1117 4614 ι
1132 4560 1265 4628 θερμανθὲν
1283 4561 1311 4610 Μ
1376 4561 1408 4612 26
1422 4561 1469 4613 ὑπὸ

351 4633 518 4697 σκληρότητος
536 4635 717 4697 συμμεμυκότα
727 4631 797 4684 plat.
861 4631 892 4683 28
909 4630 1006 4698 ὡς]καὶ
1020 4634 1049 4684 Μ
1114 4634 1144 4684 33
1157 4640 1200 4696 τῆς
1213 4633 1381 4699 σκληρότητος
1394 4631 1421 4682 Μ
