3120 5506
290 481 339 531 124
672 471 813 521 ΕΡΜΕΙΟΥ
834 470 1030 520 ΦΙΛΟΣΟΦΟΥ
1060 462 1081 498 A

188 629 254 696 [126]
287 622 334 680 ούν
351 623 439 680 πάντα
458 622 568 705 μετέχει
587 621 730 696 ἀλλήλων,
748 620 845 694 δῆλον·
861 623 929 679 κατὰ
944 621 973 678 δὲ
986 624 1016 680 τὸ
1032 623 1192 701 ἐπικρατοῦν
1206 621 1319 680 ἕκαστον
1338 621 1414 701 λέγε-
1456 649 1458 685 ι

181 727 341 781 1·51ν·ται.
363 720 394 777 Ἡ
414 722 464 801 γὰρ
486 722 561 778 οόσία
584 721 690 778 έστίνό
714 722 751 785 εἰς
771 723 821 791 τήν
841 721 967 778 σύστασιν
989 719 1148 802 παρελήφθη
1169 730 1219 793 τῆς
1238 725 1330 800 ψυχῆς
1354 722 1359 798 1
1382 723 1413 777 τό

287 820 435 900 ἀκρότατον
448 821 494 876 καὶ
507 820 687 891 τελειότατον,
764 821 809 875 καί
823 819 882 876 κατ’
898 819 961 876 αύαό
975 841 1005 898 γε
1020 826 1100 878 τοῦτο
1115 826 1173 884 τοῖς
1189 818 1287 883 ἄλλοις
1304 819 1413 876 ἐπιστα-

285 920 396 991 τούσης·
418 922 551 976 κινεῖσθαι
571 918 617 975 ούν
638 922 655 990 ή
678 922 753 1000 ψυχή
776 921 844 975 κατὰ
865 921 914 991 τήν
937 919 1030 976 σ’ύσίαν
1053 919 1102 976 ούκ
1123 920 1307 998 ἀναγκάζεται·
1330 921 1365 975 τέ
1385 918 1413 976 δέ

241 1024 255 1071 5
288 1016 371 1075 λοιπὰ
387 1017 445 1090 δύο,
465 1020 493 1074 αἰ
509 1015 636 1092 δυνάμεις
654 1023 701 1074 τού
716 1022 813 1073 ταυτού
828 1018 932 1073 καὶτοῦ
950 1017 1079 1095 θατέρου,
1094 1018 1132 1081 ὡς
1148 1016 1176 1073 ὲν
1188 1019 1289 1088 κινήσει
1305 1018 1350 1072 καίΙ
1365 1039 1413 1073 πε-

287 1114 386 1194 ριόδοις
408 1117 544 1195 ὁρώμενα,
560 1115 653 1180 ’ίπποις
674 1116 883 1187 ἀπεικάσθησαν·
902 1116 928 1170 οί
943 1115 1018 1172 αὐτοὶ
1037 1113 1066 1173 δέ
1085 1116 1135 1172 εἰσι
1154 1117 1200 1171 καί
1219 1117 1246 1172 οἰ
1266 1116 1362 1195 τροχοὶ
1381 1116 1412 1170 τὸ

285 1214 381 1270 ταυτὸν
400 1215 493 1270 καὶτὸ
513 1214 640 1292 θάτερον·
663 1215 700 1278 ὡς
720 1214 837 1293 μὲνγὰρ
857 1212 1036 1292 έκπεριιόντες
1056 1214 1087 1270 τὸ
1102 1214 1200 1285 νοητὸν
1212 1213 1305 1286 ίπποι,
1322 1214 1361 1276 ὡς
1384 1211 1412 1269 δὲ

286 1310 530 1385 ἀποκαθιστάμενοι
548 1311 654 1391 τροχοί.
677 1313 724 1367 Καὶ
745 1313 760 1367 ό
783 1311 831 1385 μὲν
854 1311 976 1385 ἀμείνων
997 1311 1097 1392 τροχός
1119 1310 1187 1368 ἐστιν
1209 1313 1224 1367 6
1244 1316 1291 1367 τού
1312 1315 1411 1367 εαυτοῦ

285 1407 384 1473 κύκλος
399 1411 414 1464 6
428 1408 489 1487 περὶ
508 1410 541 1466 τά
555 1409 640 1481 νοητὰ
654 1409 838 1490 στρεφόμενος
853 1411 897 1466 καί
910 1412 961 1480 τήν
976 1410 1119 1487 ἀναγωγόν
1135 1406 1209 1491 ἔχων
1228 1408 1342 1485 δύναμιν
1359 1417 1418 1480 τῆςΙ

222 1511 254 1561 1θ
286 1510 390 1587 ψυχῆς,
407 1508 436 1571 ὃς
449 1509 494 1563 καῖ
506 1505 540 1564 δι’
556 1507 621 1564 αύτό
636 1513 717 1565 τοῦτο
731 1506 862 1588 εύτροχος
876 1509 1101 1588 προσηγόρευται·
1119 1511 1132 1564 6
1147 1506 1278 1587 δεύτερος
1293 1509 1411 1587 θατέρου

287 1605 301 1660 6
319 1607 363 1660 καί
381 1607 566 1685 γενεσιουργὸς
587 1607 602 1661 6
620 1607 679 1685 περὶ
697 1607 731 1662 τά
750 1607 921 1677 αἰσθητὰκαὶ
941 1602 1060 1672 δοξαστὰ·
1069 1606 1265 1687 στρεφόμενος,
1284 1608 1315 1670 ὃς
1330 1607 1417 1685 ὀρθόςΙ

285 1703 471 1781 προσείρηται,
489 1704 553 1759 όταν
573 1705 622 1774 τὴν
642 1703 746 1760 οἰκείαν
766 1702 818 1783 ἔχη
837 1705 936 1783 ἀρετήν
953 1705 999 1760 καὶ
1015 1705 1103 1767 οὕτως
1118 1701 1191 1785 ἔχων
1205 1709 1253 1761 τοῦ
1269 1705 1350 1783 όρθου
1366 1706 1412 1760 καὶ

285 1807 334 1871 τῆς
353 1800 460 1864 εὐθείας
477 1804 527 1872 τήν
546 1793 656 1866 ἔνδειξιν
675 1801 738 1859 όταν
757 1800 942 1883 ἀδιαστρόφιος
960 1801 1103 1880 ἁναγγεΟη
1118 1803 1152 1859 τὰ
1169 1802 1292 1874 αἰσθητά·
1310 1805 1370 1859 οῖον
1386 1803 1410 1859 εἰ.

285 1897 402 1969 θελήσει
416 1902 472 1969 τιή
489 1892 553 1964 δόξα
566 1904 621 1956 τῶν
641 1900 777 1973 αἰσθητῶν
797 1900 875 1969 ἰδεῖν,
897 1894 1004 1981 ἐξάρχει
1024 1902 1073 1975 μὲν
1093 1904 1110 1972 ή
1126 1901 1277 1980 προαίρεσις
1295 1901 1341 1956 καὶ
1355 1898 1409 1958 διε-

223 2003 253 2054 15
285 1995 370 2075 γείρει
386 1999 430 2053 καὶ
447 1997 556 2055 ἐντείνει
572 1999 602 2054 εδ
617 2005 735 2073 πνεῦμα,
752 2002 783 2056 τὸ
798 1998 826 2056 66
843 1999 959 2079 εἰτύχοι
976 1996 1018 2055 διὰ
1031 2004 1088 2055 τῶν
1105 1996 1344 2074 ’όψεωνέκπὲμπει
1361 1998 1409 2062 τὰς

285 2095 404 2157 ἀκτῖνας·
419 2097 446 2152 αἰ
457 2093 487 2151 δὲ
497 2091 701 2175 προσόύλλουσι
714 2102 752 2174 τῷ
766 2097 897 2175 αἰσθητῷ,
910 2094 956 2154 κάἰ
969 2094 1052 2153 πόλιν
1070 2095 1105 2152 δι’
1121 2096 1210 2153 αὐτῶν
1226 2096 1410 2172 ἀνακάμψασα

285 2190 445 2265 ἡαίσθησις
465 2193 627 2272 ἀπαγγέλλει
646 2200 683 2272 τῷ
703 2195 836 2269 πνεύματι
854 2196 978 2252 κάκεῖθεν
997 2200 1030 2271 τῇ
1050 2192 1128 2271 δόξῃ·
1145 2196 1190 2251 καίΙ
1206 2196 1293 2259 οὕτως
1309 2198 1327 2266 ἡ
1344 2194 1409 2250 ἀνύ-

178 2295 263 2359 ο.127
284 2295 387 2367 καμψις
404 2292 409 2371 Ι
428 2292 477 2349 ούκ
491 2288 559 2349 ’ἐστιν
574 2288 691 2372 ἀκριόιῖις
703 2293 817 2365 κύκλος,
831 2292 888 2351 ἀλλ’
903 2293 994 2351 εὐθεῖα
1007 2292 1116 2351 δίαυλον
1127 2291 1267 2373 δραμοῦσα
1282 2299 1410 2368 μιμεῖται

283 2391 329 2447 τὸν
348 2389 458 2463 κύκλον,
478 2394 522 2448 καὶ
543 2389 597 2448 ἔστι
617 2393 647 2449 τὸ
670 2392 737 2450 όλον
757 2397 838 2450 τοῦτο
858 2394 936 2472 ὀρθὸς
957 2392 1072 2457 κύκλος.
1088 2390 1171 2455 ,Ὅταν
1190 2391 1219 2450 δέ
1238 2390 1409 2473 διαστρόφοις

222 2493 253 2543 20
284 2489 444 2568 ἀναγγείλῃ,
465 2492 596 2556 παντοίας
613 2490 722 2570 λέγεται
740 2490 849 2555 κλείσεις
869 2487 954 2570 έχειν.
973 2490 1051 2572 Ἔχει
1066 2479 1096 2546 δέ
1109 2491 1187 2555 οὗτος
1199 2493 1245 2547 καί
1259 2492 1310 2561 τήν
1324 2512 1409 2546 κατα-

283 2589 372 2667 γωγδν
386 2589 432 2645 καί
436 2591 634 2709 γενεσιουργόν
652 2589 766 2707 δύναμιγ
781 2598 831 2661 τῆς
847 2589 978 2670 ψυχῆς,
969 2611 1012 2646 επι
1004 2587 1099 2646 δε
1067 2612 1122 2645 των
1137 2590 1224 2647 θείων
1238 2593 1386 2731 ψυχῶνμζ
1351 2610 1410 2645 των

284 2783 327 2843 δεῖ
328 2764 482 2842 οἷ’”εσθαι
469 2808 555 2867 εχειν.
572 2733 679 2844 ’Ἐστί
664 2788 693 2843 οὲ
711 2788 755 2843 καὶ
774 2788 847 2843 οὕτω
867 2784 938 2865 διαιρ
941 2793 991 2858 εῖν,
1009 2808 1053 2842 και
1045 2785 1231 2866 ἱ’ἡνίοχον
1203 2807 1252 2860 μεν
1268 2782 1404 2863 λέγειν
1376 2807 1408 2842 το

284 2905 345 2963 νοερ
346 2885 376 2940 ὸν
399 2892 450 2955 τῆς
474 2888 579 2965 ψυχῆς,
602 2884 771 2943 τουτέστι
745 2907 792 2942 τον
814 2891 889 2958 νοῦν,
912 2891 1011 2941 ταυτού
1033 2883 1062 2941 δε
1081 2884 1183 2941 κύκλον
1204 2884 1249 2940 καὶ
1274 2882 1410 2958 ἀμείνονα

221 2983 252 3033 25
282 2905 366 3038 ’ίππρον
384 2980 470 3060 λέγειν
489 2985 539 3054 τήν
556 2982 730 3055 διανοητικὴν
746 2985 850 3064 ψυχήν,
871 2985 988 3063 θατέρού
1010 2981 1099 3040 δὲκαὶ
1120 2983 1231 3064 χείρονα
1249 2981 1336 3038 ίιτπον
1356 2984 1409 3054 τήν

284 3071 453 3150 δοξαστικήν.
476 3078 573 3137 Ἰστέον
590 3079 618 3137 δὲ
637 3081 678 3138 ότι
695 3083 775 3152 καίή
796 3079 898 3137 διάνοια
916 3088 965 3137 τοῦ
985 3082 1099 3159 θατέρου
1116 3082 1228 3161 μετέχει
1242 3082 1288 3135 καί
1306 3083 1324 3150 ἠ
1342 3073 1409 3145 δόξα

282 3183 331 3233 τού
344 3182 452 3234 ταυτοῡ·
471 3185 522 3234 πᾶν
536 3180 587 3258 γὰρ
607 3181 673 3260 δπερ
687 3178 719 3234 ἂν
734 3175 824 3254 λάύης
840 3187 891 3250 τῆς
906 3182 999 3259 ψυχῆς
1015 3178 1175 3259 ἀμφοτέρων
1192 3177 1315 3258 μετέχει.
1334 3180 1408 3235 Κατὰ

284 3276 333 3349 μὲν
352 3276 383 3330 τὸ
400 3276 548 3353 ἀκρότατον
566 3284 616 3348 τῆς
632 3281 723 3358 ψυχῆς
741 3276 892 3355 θεωροῦντί
905 3298 947 3333 σοι
960 3276 1024 3341 τούς
1038 3275 1140 3340 ’ἰππους
1154 3277 1198 3333 καὶ
1212 3275 1259 3330 τόν
1273 3275 1406 3354 ἡνίοχον,

282 3371 398 3453 ἡνίοχος
421 3374 470 3448 μέν
491 3371 564 3430 ἔσται
585 3378 602 3446 ἡ
624 3373 692 3455 ἄκρα
711 3383 761 3446 τῆς
783 3379 875 3456 ψυχῆς
893 3372 987 3439 ἐ’νωσις
1007 3378 1024 3445 ή
1046 3375 1112 3454 πρὸς
1129 3374 1162 3430 τὰ
1181 3373 1266 3445 νοητὰ
1279 3373 1325 3428 καὶ
1340 3373 1406 3438 τοὺς

221 3470 252 3519 3⁰
283 3471 377 3534 θεούς·
400 3472 414 3526 6
438 3470 466 3528 δέ
487 3471 607 3552 ἀμείνων
630 3472 711 3538 ’ἰππος
732 3472 813 3552 όσπερ
834 3471 920 3544 αύτῆς
941 3473 983 3529 ἀεὶ
1004 3478 1058 3529 τῶν
1079 3477 1184 3544 νοητῶν
1207 3471 1319 3551 ἐφίεται·
1341 3472 1356 3526 6
1378 3468 1408 3527 δέ
1451 3514 1454 3519 Α

282 3566 489 3649 καταδεέστερος
504 3570 585 3650 όσιτερ
601 3571 670 3646 μετὰ
687 3569 841 3651 διαιρέσεως
856 3572 902 3627 καὶ
918 3566 1092 3646 μεταύύσεως
1109 3570 1253 3650 ἐφάπτεται
1265 3574 1321 3626 τῶν
1337 3571 1406 3641 νοή-

283 3690 361 3728 σεων.
385 3670 434 3725 Καὶ
454 3673 539 3724 ταῦτα
561 3670 610 3743 μέν
629 3670 653 3726 εἰ
671 3669 714 3726 έπί
731 3677 782 3740 τῆς
800 3667 969 3743 διανοητικῆς
985 3669 1072 3744 μόνης
1092 3673 1183 3750 ψυχῆς
1199 3668 1289 3746 ὁρῴης
1307 3667 1355 3722 τόν
1376 3689 1406 3725 τε

281 3766 397 3847 ἡνίοχον
412 3768 457 3822 καί
471 3768 532 3832 τοὺς
543 3766 656 3831 ίππους·
673 3769 696 3825 εἰ
708 3764 737 3824 δέ
750 3789 782 3844 γε
795 3765 838 3822 ἐπὶ
852 3775 901 3838 τῆς
916 3762 1087 3837 δοξαστικῆς,
1101 3766 1148 3822 τὸν
1162 3766 1210 3841 μἐν
1220 3764 1339 3845 ήνίοχον
1352 3767 1406 3837 τήν

283 3862 400 3921 διάνοιαν
420 3864 577 3940 ληψόμεθα,
597 3867 643 3922 τὸν
662 3864 690 3923 δέ
708 3866 851 3946 κρείττονα
870 3870 924 3920 τῶν
938 3863 1029 3921 ίππων
1047 3864 1096 3934 τὴν
1112 3860 1225 3937 δύναμιν
1240 3870 1290 3934 τῆς
1306 3857 1405 3928 δοξασ-

314 4049 891 4117 ΝΟδὴγάρεοιίρείεήδέΛῑῆδεήΜ
955 4050 1054 4100 ίστινΑ
1118 4047 1404 4116 ἡγὰρ-θοίναμά-

282 4129 347 4181 ζεται
367 4135 374 4171 :
393 4121 495 4172 desunt
516 4122 653 4185 quaedam.
677 4122 779 4184 quibus
803 4120 930 4170 Ηεειιιῖιιι
951 4121 1137 4184 explicaverat
1154 4119 1220 4183 quid
1243 4118 1294 4168 sibi
1318 4118 1405 4169 vellet

281 4193 375 4258 auriga
435 4191 638 4258 όὰναγιιόιζεται,
649 4194 751 4243 omisso
761 4193 807 4242 ούκ
819 4194 856 4241 A·
916 4190 1147 4251 θᾰπεικόιζονταια
1207 4190 1404 4257 ’ἰέκπιριιόντες

281 4264 398 4328 scripsi:
421 4267 574 4331 ἰκπεριόντες
589 4263 651 4313 libri
712 4265 729 4313 8
747 4260 823 4327 ἐστιν]
839 4262 852 4312 ό
867 4266 932 4313 ἐστιν
953 4263 980 4311 Μ
1001 4266 1066 4314 ἐστίν
1086 4266 1109 4312 Α
1173 4265 1218 4314 τοῦ
1234 4273 1289 4312 om.
1307 4261 1337 4310 M

282 4334 312 4383 16
330 4335 500 4401 προθάλλουσι
519 4334 549 4383 Μ
614 4335 644 4384 18
658 4331 750 4398 εὐθεῖα]
768 4334 863 4384 εὐθεῖαν
880 4332 910 4380 Μ
973 4334 1060 4384 20καί
1074 4334 1171 4384 οιιι.Μ
1234 4332 1264 4382 21
1278 4341 1328 4383 τῶν
1337 4338 1405 4384 ante

281 4414 453 4471 προνοητικῶν
472 4418 526 4456 om
544 4406 574 4455 M
637 4403 668 4455 22
684 4408 828 4471 δευτέροις
849 4419 861 4450 ιι
876 4402 1016 4454 caecidisse
1031 4405 1077 4454 θέο
1089 4405 1247 4471 quidquam
1263 4401 1403 4453 οίιίειανν

282 4478 340 4525 Aer
403 4475 479 4542 οὕτω]
493 4480 567 4529 τοῦτο
581 4477 611 4526 Μ
675 4478 705 4527 23
721 4494 764 4527 και
778 4485 843 4525 ante
857 4477 960 4541 ἡνίοχον
974 4489 1029 4526 om.
1044 4477 1075 4525 M
1138 4480 1169 4526 26
1185 4476 1290 4542 λίγειν”
1280 4494 1358 4527 ιππον
1372 4477 1403 4527 Μ

289 4541 297 4582 ¹
342 4548 386 4611 τὴν
401 4559 465 4598 ante
479 4547 637 4613 διανοητικὴν
652 4561 705 4598 οιιι.
720 4548 749 4598 Μ
812 4545 872 4596 27¹·
861 4565 903 4597 αν
908 4559 963 4596 οιιι.
979 4548 1012 4649 Μ
1061 4548 1135 4598 1'28
1117 4551 1262 4616 ακροταιην
1283 4546 1313 4596 Μ
1334 4546 1413 4611 (itm—

281 4627 435 4669 correxerat
451 4620 517 4683 Αετ)
582 4639 622 4671 σοι
636 4631 691 4670 om
707 4619 756 4668 Μ
917 4653 921 4660 .
1075 4662 1090 4669 ,,
