3164 5512
391 437 444 488 ΕΙΣ
466 438 527 487 TON
549 438 724 489 ΠΛΑΤΩΝΟΣ
747 439 890 490 ΦΑΙΔΡΟΝ
913 441 1033 490 ΣΧΟΛΙθ

49 601 117 667 1186]
193 598 262 677 ρνη’.
288 595 355 675 Ἆρ’
377 595 413 653 οὗ
435 601 531 654 τοῦτο
555 593 645 677 αὐτό]
668 596 725 653 263
748 595 784 655 Α.

187 742 251 820 Περὶ
268 741 320 820 γὰρ
335 741 366 796 οὗ
381 740 486 819 γίνεται
504 737 619 814 οὐδεμία
634 735 849 819 ἀμφισόήιησις.
868 775 906 785 -
920 741 955 797 Τὸ
973 738 1001 797 δέ
1021 742 1185 820 ποτέρωθι
1203 740 1273 799 εὗα-

145 839 371 918 πατητότεροι
390 844 469 896 τοῦτο
491 835 572 895 ἔστιν·
594 838 621 895 έν
638 839 690 895 τίνι
708 833 810 895 ἔστιτὸ
828 839 898 917 μέγα
911 847 962 909 τῆς
978 839 1140 918 ρητορικῆςς
1158 839 1207 896 οὐκ
1222 837 1272 918 ἄρα

147 938 174 994 έν
192 943 249 1002 τοῖς
270 932 447 1018 ἀμφιόόλοις,
470 937 515 993 ’ίνα
537 934 579 993 διὰ
599 941 654 993 τῶν
675 939 794 992 πιθανῶν
814 938 829 992 6
847 937 896 1011 μέν
917 935 959 993 ἐπὶ
977 935 1049 1007 τόδε,
1066 939 1080 994 6
1100 936 1128 994 δὲ
1148 937 1192 994 ἐπὶ
1211 936 1272 994 τόδε

100 1051 115 1098 5
145 1036 273 1115 napi-5113
296 1037 318 1092 εί
338 1033 384 1092 οὖν
402 1035 434 1092 ἐν
455 1039 506 1098 οἷς
526 1033 732 1110 πλανώμεθα
747 1035 779 1091 τὸ
795 1033 866 1112 μέγα
880 1034 934 1091 έστὶ
948 1043 996 1106 τῆς
1012 1036 1169 1115 ῥητορικῆς,
1186 1034 1272 1107 δῆλον

146 1136 188 1192 ότι
203 1137 217 1192 ό
234 1137 273 1209 μή
292 1134 369 1200 εἰδὼς
387 1136 437 1205 τὴν
452 1133 564 1208 διπλόην
577 1142 626 1192 τοῦ
643 1135 800 1215 πράγματος
821 1133 882 1190 οὐδὲ
901 1136 942 1199 οἷς
962 1137 1094 1215 χρήσεται
1114 1134 1207 1213 λόγοις
1228 1134 1272 1191 έπί

146 1234 248 1312 θάτερα
267 1228 446 1307 μεταόιόάσαι
461 1234 506 1289 τόν
525 1232 610 1311 λόγον
625 1232 717 1290 θέλων
731 1232 802 1314 ἔχει,
817 1233 885 1290 ὥστε
901 1231 987 1304 δῆλον
1002 1232 1043 1289 ότι
1058 1233 1171 1305 ἀλήθεια
1185 1255 1272 1312 προη-

41 1341 129 1391 Mor·
146 1338 245 1410 γεῑται.
258 1366 298 1375 -
312 1329 388 1409 Ὀδῷ
404 1329 432 1388 δὲ
452 1330 643 1410 διῃρῆσθαι,
660 1333 719 1388 οἷον
734 1331 776 1388 ότι
790 1332 820 1387 τό
835 1337 882 1388 τοῦ
902 1327 999 1411 έρωτος
1014 1329 1102 1406 ὄνομα
1121 1332 1124 1410 ί
1144 1331 1272 1406 σημαίνει

146 1431 178 1487 τὸ
192 1429 290 1507 ἀγαθόν
305 1430 394 1486 καὶτὸ
410 1430 513 1510 φαῦλον
526 1429 599 1508 παρὰ
614 1436 672 1494 τοῖς
687 1428 819 1494 πολλοῖς·
836 1430 880 1486 καὶ
895 1428 1007 1509 διαιρεῖν
1027 1431 1057 1486 τὸ
1073 1431 1102 1486 ἓν
1123 1430 1161 1494 είς
1179 1427 1272 1486 πολλὰ

82 1535 116 1587 10
147 1527 192 1585 καὶ
219 1526 331 1585 ’ἕκαστον
359 1526 486 1584 δύνασθαι
514 1527 664 1606 ὁρίσασθαι.
691 1562 730 1570 —-
757 1535 950 1607 Χαρακτῆρα
976 1525 1004 1584 δὲ
1034 1529 1188 1606 ἑκατέρου
1213 1534 1271 1584 τοῦ

148 1624 270 1694 εἴδους,
298 1628 355 1683 οἷον
378 1625 458 1682 ποίου
480 1625 566 1691 είδους
590 1625 658 1683 ἐστίν
682 1627 760 1689 οὗτος
782 1628 796 1683 ό
817 1623 885 1706 ἔρως
914 1629 958 1682 καί
980 1627 1059 1682 ποίου
1084 1625 1201 1698 ἐκεῖνος,
1225 1625 1271 1681 καὶ

148 1726 285 1802 ὁρίζεσθαι
300 1725 439 1802 ἱκάτερον,
459 1727 504 1781 καί
520 1723 615 1782 εἰδέναι
628 1725 693 1782 ποία
710 1723 767 1781 ἰδέα
785 1724 870 1803 λόγου
886 1722 995 1781 δίναται
1011 1719 1192 1802 προσόιόαίσαι
1206 1723 1270 1788 τοὺς

142 1824 298 1887 ’ἀκούοντας
313 1824 357 1878 καί
371 1829 474 1882 πεῖσαι.

156 1962 159 1970 ’
190 1967 256 2050 ρνθ’,
280 1955 384 2026 Καλὸν
406 1966 498 2050 γοῦν]
522 1969 580 2028 263
603 1968 638 2028 C.

84 2117 114 2167 15
186 2111 325 2167 Τουτόστιν
340 2112 355 2167 6
372 2107 449 2174 εἰδὼς
464 2112 515 2181 τὴν
531 2109 699 2191 διαιρετικὴν
711 2110 826 2187 μέθοδον
838 2114 883 2169 καί
896 2113 946 2183 τὴν
960 2118 1058 2191 γνῶσιν
1071 2120 1126 2170 τῶν
1142 2114 1270 2192 πραγμά-

147 2230 202 2265 των
217 2207 310 2288 ίίριστα
325 2204 393 2290 ἔχει.
410 2245 449 2254 -
463 2211 497 2265 Τὸ
513 2207 541 2265 δέ
556 2207 670 2266 ἐ’πειτιί
685 2232 720 2289 γε
736 2211 841 2285 οἶμαι·
858 2210 899 2268 δεῖ
914 2217 1020 2290 πρῶτον
1035 2210 1131 2269 εἰδέναι
1144 2214 1174 2268 τὸ
1189 2212 1270 2271 ποίου

145 2314 239 2392 γένους
253 2315 415 2395 τυγχάνει,
431 2321 480 2371 τοῦ
496 2311 584 2371 οἰπλοῦ
600 2316 616 2386 ί]
632 2321 678 2371 τοῦ
694 2311 862 2394 ἀμφιόόλου·
881 2314 985 2387 ἔπειτα,
1002 2315 1046 2372 ἐὰν
1066 2314 1084 2391 6
1101 2311 1267 2396 ἀμφίόολον,

146 2410 298 2492 διορατικὸς
315 2415 360 2468 καὶ
379 2408 544 2484 διαιπητυιὸς
565 2411 667 2493 ὀφείλει
686 2413 752 2470 εἶναι
772 2423 821 2485 τῆς
840 2414 946 2494 φύσεως
966 2413 1058 2470 αὐτοῦ·
1080 2412 1125 2469 ἐὰν
1140 2413 1190 2492 γὰρ
1205 2414 1268 2492 περὶ

146 2518 195 2568 τοῦ
214 2512 294 2591 ὀρθοῦ
312 2508 411 2590 ἔρωτος
428 2509 507 2589 λέγῃ,
529 2518 639 2568 σκοπεῖν
658 2509 760 2591 ὀφείλει
779 2518 846 2568 ποῖα
865 2512 976 2590 ῥήματα
996 2511 1109 2590 ἁρμόζει
1128 2510 1211 2585 αὐτῷ.
1232 2511 1267 2568 Τί

50 2637 75 2686 ρ,
86 2621 131 2674 187
148 2608 220 2684 οὗν;
241 2611 296 2667 τὸν
312 2610 435 2688 Ἔρωτα
454 2610 480 2665 τί
501 2606 633 2686 λέγομεν,
646 2615 700 2665 τῶν
717 2609 811 2666 ἁπλῶν
827 2610 844 2680 ἢ
860 2615 913 2665 τὼν
931 2609 936 2687 Ι
954 2604 1127 2689 ἀμφιὸόλων;
1144 2614 1224 2665 τοῦτο
1240 2607 1268 2665 δὲ

148 2709 206 2767 εἶπε
221 2691 263 2764 διὰ
277 2709 327 2780 τὴν
346 2709 473 2781 ὑπόνοιαν
492 2709 542 2776 τὴν
561 2713 616 2764 τῶν
635 2706 758 2765 πολλῶν·
780 2707 879 2787 οὐγὰρ
900 2706 1011 2764 δυνατὸν
1030 2707 1058 2763 ἓν
1075 2714 1186 2786 πρᾶγμα
1204 2707 1267 2771 τοὺς

148 2807 280 2871 ἐναντίους
299 2803 374 2886 ἔχειν
394 2805 535 2885 ὁρισμούς·
556 2803 725 2877 ὥστεδῆλον
745 2806 786 2862 ότι
805 2808 872 2885 πρὸς
888 2804 1031 2886 διαφόρους
1047 2802 1198 2880 ὑπολήψεις
1213 2803 1268 2861 διαί-

148 2905 226 2985 φοροί
242 2905 307 2962 είσιν
324 2906 350 2962 οί
365 2904 483 2983 όρισμοί.

187 3056 237 3141 ρξ’.
259 3059 296 3115 Ἢ
319 3057 377 3116 οίει
398 3056 433 3114 ἄν
456 3079 506 3114 σοι
528 3055 747 3138 συγχωρῆσαι]
769 3057 827 3114 263
849 3054 885 3113 C.

84 3193 114 3244 25
186 3191 294 3264 Ἐπειδὴ
311 3190 396 3249 ’όντων
412 3186 576 3270 ἀμφιόόλων
594 3187 664 3245 ἔστιν
680 3187 729 3268 ἄρα
746 3187 857 3250 ,δυνατὸν
871 3189 931 3267 περὶ
945 3193 993 3245 τοῦ
1007 3188 1090 3246 αότοῦ
1105 3189 1265 3268 πράγματος

146 3294 179 3350 τὰ
194 3291 298 3349 ἐναντία
315 3290 416 3368 λέγειν·
434 3289 472 3353 ὡς
490 3283 621 3367 βλαόερός
636 3287 717 3357 ἐστιν,
735 3288 773 3350 ὡς
791 3289 864 3344 εἶπεν
880 3290 894 3344 6
913 3286 1025 3360 Λυσίας,
1040 3293 1081 3364 τῷ
1098 3287 1264 3366 ἐρωμένῳ,

149 3391 217 3463 εἶτα,
235 3392 273 3453 ὡς
294 3391 308 3445 ό
328 3389 393 3463 ἐμός
415 3388 508 3465 λόγος,
531 3388 571 3443 ότι
592 3387 724 3465 μεγίστων
743 3387 853 3464 ἀγαθῶν
872 3384 959 3451 αίτιός
979 3385 1048 3442 ἐστιν
1068 3388 1082 3441 6
1099 3382 1178 3464 ἔρως·
1197 3385 1266 3442 ὥστε

148 3488 234 3561 δῆλον
249 3488 289 3544 ότι
304 3487 334 3543 οὗ
349 3487 469 3565 περὶτοῦ
485 3484 565 3541 αὑτοῦ
579 3485 611 3540 τὰ
626 3484 730 3540 ἐναντία
745 3481 829 3560 λέγει,
846 3481 915 3540 ἀλλὰ
928 3485 988 3562 περὶ
1002 3484 1091 3563 ἑτέρου
1105 3484 1150 3539 καὶ
1163 3484 1263 3563 έτίρου·

147 3585 230 3645 ἄλλοι
242 3588 292 3665 γὰρ
310 3585 458 3664 ἁρμόζουσι
471 3590 510 3657 τῷ
527 3583 603 3661 καλῷ
622 3578 701 3661 ἐ”ρωτι
719 3580 796 3659 λόγοι
812 3582 858 3638 καὶ
874 3579 956 3639 ἄλλοι
969 3588 1006 3659 τῷ
1023 3581 1147 3645 ἐναντίως
1162 3577 1263 3662 ἔχοντι,

85 3682 117 3732 ³⁰
147 3686 234 3742 -Τὸ
255 3682 283 3741 δέ
303 3683 364 3761 ἐγὼ
384 3683 443 3762 γάρ
458 3704 507 3739 τοι
523 3681 575 3738 διὰ
592 3682 629 3738 τὸ
649 3680 929 3738 ἐνθουσιαστικὸν·
947 3681 961 3736 ὁ
977 3681 1027 3759 γὰρ
1043 3680 1209 3757 ἀναγόμενος
1224 3679 1266 3734 καί

147 3783 207 3862 περὶ
221 3784 255 3840 τὰ
269 3781 354 3852 νοητὰ
368 3779 550 3860 στρεφόμενος
566 3778 615 3835 οὐκ
628 3776 685 3835 οίδε
699 3778 732 3834 τὰ
747 3778 775 3834 έν
789 3778 851 3834 ποσί
864 3779 908 3833 καί
922 3779 954 3833 τὰ
968 3778 1091 3849 αἰσθηταί.

188 3932 255 4013 ρξα’.
279 3934 322 4004 Νὴ
346 3931 403 3987 Δία
424 3931 605 4010 ἀμηχάνως
627 3932 671 4008 γε]
695 3930 753 3987 263
775 3929 813 3987 D.

186 4066 309 4126 Τουπὲστι
324 4070 491 4139 θαυμαστῶς
506 4065 576 4119 πάνυ
592 4063 695 4142 ὡρίσω·
711 4068 790 4120 τοῦτο
803 4062 831 4119 δὲ
846 4061 923 4120 οὐδέν
936 4063 1060 4135 ἐποίησεν
1076 4065 1090 4118 ό
1105 4062 1214 4128 Λυσίας.
1229 4095 1268 4105 -

147 4168 181 4224 Τό
205 4165 233 4224 δὲ
254 4171 312 4247 φεῦ
334 4163 398 4237 όσιμ
421 4163 546 4240 λέγεις·
570 4159 663 4230 ἐπειδὴ
686 4162 760 4218 εἶπεν
781 4161 957 4240 ἀμηχάνως
979 4183 1014 4239 γε
1034 4160 1165 4241 σφόδρα,
1189 4160 1269 4240 φησίν

180 4322 226 4372 NG
244 4321 256 4371 1
276 4315 445 4387 ἆρ’,όῐιιθθΙ
462 4320 485 4364 Α
550 4315 632 4381 τοῦτο]
647 4316 675 4366 τό
690 4315 759 4365 Plat.
823 4314 1116 4383 2ποτέρωθιοῦνΡίαῑ.
1180 4315 1212 4365 10
1228 4315 1269 4365 εό-

149 4393 314 4459 ρίσασθαιΑΙ
379 4388 408 4436 14
424 4387 625 4445 καλὸν,κηιί]1·.
646 4389 670 4434 Α
734 4383 778 4435 οὖν
794 4384 823 4432 Μ
887 4385 918 4434 22
934 4381 1065 4452 ὁρισμούς]
1083 4380 1221 4450 λογισμούς
1241 4383 1286 4432 Μ’

148 4461 250 4522 οί.228,
261 4460 291 4510 16
353 4458 384 4508 23
402 4454 533 4508 οίοαι.Μ
598 4456 779 4520 24ἣιυθι.Α
842 4455 872 4505 25
885 4458 987 4515 δυνατὸς
998 4456 1049 4506 EM
1114 4455 1271 4514 26ὠςαιιιε

148 4531 331 4585 είπενοω.Μ
396 4528 487 4578 28τοῦ
507 4541 561 4577 om.
582 4528 608 4577 Μ
674 4525 877 4590 32νὴ,ν1ἰ]ί)ι·.
896 4531 919 4576 Α
988 4529 1018 4577 34
1035 4532 1069 4585 ὡς
1086 4530 1182 4593 σφόδρα
1201 4527 1269 4578 Plat.

149 4604 209 4654 cod,
234 4602 258 4651 T
