3150 5504
409 473 464 524 ΕΙΣ
485 474 546 523 TON
569 473 743 524 ΠΛΑΤΩΝΟΣ
765 472 907 524 ΦΑΙΔΡΟΝ
931 473 1051 526 ΣΧΟΛΙΑ
1263 487 1293 537 39

90 635 142 702 [78]
175 627 294 691 αὐτοῦς
313 626 351 683 τὰ
371 624 548 703 λυποῦντα]
568 625 645 684 Ταῦτ’
658 629 693 699 ἦν
708 628 774 707 ἅπερ
791 625 843 685 ἔδει
856 631 1041 707 προειρῆσθαι·
1058 636 1140 688 ταῦτα
1154 633 1204 712 γὰρ
1219 633 1293 712 λέγει

176 726 233 790 οἷός
251 725 322 782 ἐστιν
337 728 351 782 6
369 724 437 805 ὲρῦιν
456 726 554 783 ὁπόταν
571 726 628 806 ἐρᾷ,
647 727 679 784 τὰ
694 725 722 784 δὲ
736 729 919 807 προειρημένα
934 731 992 793 οἷος
1012 731 1079 803 μετὰ
1100 732 1131 787 τὸ
1144 733 1294 790 παόσασθαι

175 829 223 881 τοῦ
237 822 347 903 ἔρωτος.

214 983 265 1044 λό’.
287 984 345 1040 Καί
370 984 427 1060 μὲν
449 984 486 1058 δή
512 992 575 1042 τῶν
597 986 653 1061 μὲν
676 986 826 1065 ἐρώντων
845 985 966 1046 πολλοί
984 988 1155 1069 πρότερον]
1177 991 1234 1049 232
1254 991 1292 1055 Ε.

127 1135 142 1183 5
213 1131 296 1182 Τοῦτο
316 1124 425 1201 ψεῦδος·
447 1125 564 1201 μάλιστα
581 1129 631 1207 γὰρ
649 1129 675 1184 οί
695 1127 808 1207 ἐρῶντες
824 1127 910 1210 φιλίας
929 1130 1136 1188 ἀντιποιοῦνται·
1157 1131 1245 1197 οὐδεὶς
1266 1132 1294 1189 δὲ

174 1223 266 1305 φιλίας
281 1225 454 1283 ἀντιποιεῖται
467 1226 537 1289 όστις
552 1228 598 1283 τὸν
613 1227 713 1306 τρόπον
729 1227 759 1285 οὗ
774 1225 854 1285 θέλει
868 1231 964 1303 μαθεῖν
975 1235 1030 1286 τῶν
1042 1231 1109 1311 πρὸς
1125 1231 1172 1296 οῦς
1185 1235 1202 1302 ἡ
1217 1229 1294 1313 φιλία

174 1326 353 1402 γενήσεται...
374 1337 376 1340 ‘

213 1477 252 1537 λε’
272 1481 471 1557 Δαιμονίως]
496 1480 555 1538 234
579 1480 618 1540 Ι).

216 1631 287 1689 Ἀντί
299 1635 348 1688 τοῦ
364 1633 517 1711 ὑπερφυῶς,
532 1629 572 1686 ότι
586 1630 651 1710 ὑπὲρ
666 1630 715 1700 τὴν
729 1629 806 1711 φῦσιν
820 1631 864 1686 καὶ
878 1630 909 1685 τὸ
926 1629 1053 1701 αἰσθητὸν
1072 1628 1173 1696 κάλλος
1192 1631 1246 1688 ἐστί
1263 1633 1294 1689 τὸ

112 1741 143 1791 10
174 1730 202 1787 ἐν
216 1729 310 1808 λόγοις
325 1728 417 1802 καλὸν,
434 1728 578 1808 ἀυλότερον
593 1727 622 1786 θν
635 1728 680 1784 καί
695 1728 882 1807 καθαρώτερον
895 1733 942 1784 τοῦ
958 1728 984 1785 ἐν
999 1734 1033 1804 τῇ
1054 1729 1130 1809 φύσει
1146 1730 1244 1789 καλοῦ,
1257 1731 1293 1786 Τὸ

109 1838 113 1843 “
175 1828 204 1886 δέ
229 1852 243 1883 ιι
264 1827 450 1904 δαιμονίως
472 1852 486 1881 ν
510 1829 589 1907 φησίν
608 1829 622 1883 6
646 1826 794 1907 Σωκραίτης
815 1825 1035 1901 ἐκπληττόμενος
1056 1828 1106 1897 τὴν
1128 1830 1294 1906 πανουργίαν

173 1927 218 1983 καί
237 1927 268 1983 τὸ
288 1924 376 1983 δόλιον
393 1927 438 1982 καὶ
454 1925 638 2005 κεκρυμμένον
655 1931 703 1982 τοῦ
720 1931 858 2005 σοφιστοῦ.
882 1926 1020 1999 Σημαίνοι
1039 1923 1063 1981 δ’
1082 1924 1112 1981 ἃν
1130 1927 1160 1983 τὸ
1180 1925 1293 2002 δαιμο-

174 2025 253 2089 νίως
272 2023 369 2081 πολλά·
390 2028 501 2102 πρῶτον
521 2024 570 2100 μὲν
591 2021 668 2104 [ότι],
690 2022 781 2096 ἐπειδὴ
802 2022 920 2103 δεύτεραί
943 2023 994 2079 είσι
1010 2023 1076 2097 μετὰ
1089 2021 1251 2089 τοῦςθεοῦς
1267 2027 1293 2081 οί

174 2123 309 2199 δαίμονες,
331 2123 458 2196 σημαίνοι
478 2122 509 2178 θν
526 2123 566 2178 ότι
584 2122 615 2179 οῦ
636 2119 727 2186 θείως
751 2123 796 2178 καί
819 2121 1036 2196 έπιστημονικῶς
1059 2121 1132 2178 εἶπεν
1153 2124 1168 2178 6
1190 2123 1292 2202 ῥητωρ,

112 2233 142 2281 15
175 2219 248 2279 ἀλλὰ
267 2221 414 2302 ὑφειμένως
432 2223 477 2277 καὶ
496 2219 635 2300 δευτέρως·
657 2220 786 2295 σημαίνοι
805 2218 828 2276 δ’
843 2218 874 2275 ἃν
893 2223 937 2277 καὶ
952 2219 992 2276 ότι
1010 2222 1099 2296 μέσως
1120 2221 1189 2278 είπε·
1213 2222 1294 2295 μέσον

173 2321 223 2399 γὰρ
236 2321 268 2376 τὸ
284 2317 422 2394 δαιμόνιον
435 2323 489 2375 τῶν
499 2341 527 2376 τε
539 2316 616 2375 θεῶν
630 2317 675 2373 καὶ
689 2317 844 2396 ἀνθρώπων,
860 2317 969 2375 Ἔπειτα
988 2326 1095 2399 πρῶτον
1109 2320 1140 2375 τὸ
1156 2317 1294 2394 δαιμόνιον

176 2420 285 2498 μετέχει
302 2423 350 2475 τοῦ
367 2417 467 2495 ἀγαθοῦ
484 2419 528 2474 καί
544 2422 640 2473 κακοῦ·
662 2415 692 2472 οὐ
713 2417 763 2494 γὰρ
782 2412 846 2472 θεοί
866 2414 926 2472 οὐδὲ
944 2415 1070 2494 ἄγγελοι·
1092 2416 1173 2489 δηλοῖ
1191 2414 1237 2473 οῦν
1251 2418 1294 2474 ὅτι

171 2517 218 2572 καὶ
233 2517 334 2595 ἀγαθόν
346 2538 372 2572 τι
387 2515 445 2597 ἔχει
459 2517 504 2572 καὶ
515 2516 598 2597 κακὸν
611 2516 625 2571 6
640 2519 688 2572 τοῦ
701 2515 801 2571 Λυσίου
815 2513 909 2593 λόγος·
931 2515 1029 2592 ἀγαθὸν
1049 2516 1096 2589 μὲν
1116 2515 1290 2596 φαινόμενον,

82 2645 106 2695 p,
125 2632 156 2682 79
172 2618 221 2687 την
236 2616 285 2694 γὰρ
305 2618 438 2688 συνθήκην
457 2616 462 2693 Ι
479 2620 534 2670 τῶν
553 2613 692 2692 ῥημάτων,
713 2615 796 2670 κακὸν
817 2612 845 2670 δὲ
865 2614 1061 2692 κεκρυμμένον,
1085 2616 1134 2684 την
1153 2613 1204 2692 γθιρ
1228 2614 1292 2670 ἀκό-
1374 2662 1375 2665 ,

110 2721 142 2772 20
176 2714 274 2772 λαστον
288 2714 369 2771 αὐτοῦ
383 2714 527 2788 ἐπιθυμίαν
543 2710 657 2770 ἐδείκνυ.
672 2712 782 2769 Ἐπειτα
800 2714 844 2768 καί
863 2714 877 2769 6
894 2712 980 2792 Ἔρως
1000 2710 1128 2786 δαίμων
1147 2713 1248 2789 μέγας
1264 2712 1292 2768 ἐν

177 2813 353 2887 Συμποσίῳ
376 2812 487 2892 ἐρρήθη.
515 2809 602 2883 Δηλοῖ
619 2808 648 2866 δὲ
664 2812 709 2867 καί
728 2811 758 2866 τὸ
779 2811 984 2891 μεμερισμένως
1007 2809 1088 2866 αὑτὸν
1112 2805 1293 2866 ἀντιλαόέσθαι

173 2916 221 2966 τοῦ
242 2910 330 2968 καλοῦ
347 2913 393 2967 καὶ
412 2911 464 2990 οὐχ
477 2911 627 2985 ἡνωμένως
643 2908 703 2966 οὐδὲ
718 2910 835 2973 ένιαίως·
853 2907 992 2965 δαίσασθαι
1008 2909 1104 2987 γὰρτὸ
1121 2908 1289 2986 μερίσασθαι.

172 3014 293 3066 Τοσαῦτα
314 3008 360 3067 οὖν
380 3008 412 3065 δίν
428 3013 496 3085 ημῖν
517 3009 649 3084 σημαίνοι
665 3009 695 3064 τό
715 3007 910 3082 δαιμονίως.
928 3042 967 3051 -
985 3009 1019 3063 Τὸ
1040 3005 1069 3063 δὲ
1086 3007 1169 3064 ὥστε
1187 3030 1225 3082 με
1245 3007 1290 3064 ἐκ·

173 3106 339 3185 πλαγῆναι
358 3106 441 3180 δηλοῖ
456 3109 504 3182 μὲν
520 3109 570 3178 τήν
585 3107 711 3163 ἀπόνοιαν
722 3112 769 3164 τοῦ
785 3111 924 3186 σοφιστοῦ,
939 3106 979 3162 ότι
992 3105 1194 3186 ἐσχηματίζετο
1207 3106 1237 3161 τὸ
1251 3108 1289 3180 μη

109 3212 140 3261 25
173 3205 235 3284 ἐραν
253 3205 333 3285 ἐρῶν·
351 3204 391 3262 διὸ
411 3205 586 3277 έκπληττεταα
603 3205 684 3261 αὐτοῦ
701 3207 749 3275 τὴν
769 3205 897 3261 ἀπόνοιαν
915 3206 929 3261 6
947 3204 1094 3283 Σωκράτης
1114 3205 1159 3259 καὶ
1176 3224 1291 3282 κακουρ·

171 3303 241 3380 γίαν.
254 3310 431 3384 Θεωρητικῦις
446 3302 468 3359 6'
481 3303 511 3360 ἃν
526 3303 612 3367 είποις
627 3303 667 3358 ότι
678 3304 723 3359 καί
735 3303 768 3358 τὰ
780 3301 918 3360 τελευταῖα
931 3299 998 3383 ίχνη
1012 3308 1060 3359 τοῦ
1072 3299 1159 3358 καλοῦ
1175 3300 1292 3372 ἐκπλότ·

172 3423 244 3458 τεται
256 3404 270 3457 6
283 3402 430 3481 Σωκράτης
446 3403 484 3467 ὡς
497 3400 618 3476 ίνθαλμα
632 3397 731 3483 ἔχοντα
744 3406 792 3458 τοῦ
807 3399 970 3473 αὐτοκαλοῦ,
984 3401 1029 3456 καί
1042 3402 1108 3479 ἅπερ
1121 3398 1152 3455 θν
1164 3399 1289 3480 κατάσχῃ

66 3506 155 3557 1028r·
172 3501 203 3556 τὸ
218 3499 312 3570 καλὸν,
332 3497 403 3557 καλαί
422 3500 510 3557 ἐκεῖνα
529 3499 652 3558 δεικνύει·
673 3500 678 3579 Ι
697 3501 761 3579 ὅπερ
780 3499 840 3580 εἶχε
853 3501 898 3555 καί
914 3503 932 3570 η
951 3501 1069 3570 συνθηκη
1084 3503 1140 3553 τῶν
1159 3498 1290 3575 ῥημάτων

171 3603 218 3654 τοῦ
238 3599 346 3658 Λυσίου.
368 3633 406 3642 -
424 3600 459 3656 Τὸ
478 3597 506 3656 δὲ
524 3599 713 3676 ἡγούμενός
737 3620 771 3654 σε
792 3595 918 3673 μᾶλλον
941 3598 959 3668 ἢ
981 3597 1039 3672 ἐμὲ
1063 3595 1190 3653 ἐπαίειν
1210 3593 1291 3666 δηλοῖ

204 3811 233 3862 12
249 3811 284 3862 οί.
298 3810 383 3861 schol.
399 3810 479 3861 2341)
491 3817 526 3873 (p.
538 3809 584 3861 265
596 3809 701 3874 Herm.)
714 3825 720 3860 :
736 3809 881 3873 δαιμονίως]
897 3803 1055 3875 πανούργως,
1071 3810 1169 3866 δολίως,
1183 3825 1290 3874 κεκρυμ-

173 3885 251 3947 μένοις
314 3881 467 3933 21conoio.
483 3882 529 3933 202
544 3883 567 3931 D
631 3881 661 3931 22
678 3884 811 3932 δαίσασθαι
826 3880 905 3930 aliter
917 3878 995 3929 Crat.
1010 3879 1056 3929 398
1075 3879 1097 3928 B

200 4005 347 4058 Τ1Τ12τῦ
363 4009 498 4070 δαιμονίως
513 4009 628 4070 σημαίνει
642 4003 724 4056 πολλά
738 4003 759 4055 C

204 4130 250 4182 Nc
267 4132 280 4181 l
295 4130 336 4197 ἦν]
353 4130 385 4183 αθ
400 4132 428 4182 Μ
494 4130 843 4199 λέγειῙἉόγουΜτλέγουΒ
906 4126 1290 4194 2066cscripsi26caet1ibri

234 4206 303 4255 ὁπότ’
326 4204 355 4256 ἂν
375 4206 412 4253 A¹
474 4204 562 4263 4καί,
584 4224 599 4254 κ
623 4204 697 4253 rubr.
722 4207 746 4254 A
813 4204 893 4256 5καί
916 4203 1022 4269 μάλιστα
1047 4201 1092 4251 Bc
1155 4201 1290 4251 7desunt

172 4276 275 4327 scholia
289 4275 317 4324 in
331 4276 444 4325 alteram
460 4276 586 4338 Lysianae
595 4276 726 4326 orationis
739 4279 844 4338 partem
906 4275 923 4325 8
936 4278 1078 4339 δαιμονίως,
1090 4275 1103 4323 δ
1113 4273 1186 4323 rubr.
1203 4276 1227 4323 Α

170 4349 201 4400 12
218 4348 347 4412 σημαίνοι]
362 4350 478 4411 σημαίνει
489 4346 543 4396 ΒΜ
603 4348 633 4399 13
648 4347 684 4399 ότι
699 4347 800 4397 seclusi
858 4346 888 4396 14
904 4344 1076 4410 σημαίνειΒΟ
1133 4346 1162 4394 15
1173 4349 1291 4409 σημαίνει

172 4420 226 4470 EB'
284 4418 315 4469 16
329 4437 355 4469 τε
371 4418 461 4468 om.E
525 4418 555 4467 17
569 4421 611 4469 καί
625 4422 669 4470 τοῦ
684 4417 798 4470 καλοῦΕ
862 4417 1091 4483 ἅγγελοι]ο”ιγγελος
1107 4416 1134 4465 Μ
1199 4416 1231 4467 18
1246 4423 1290 4470 καί

171 4500 235 4541 ante
249 4493 342 4557 ἀγαθόν
362 4502 415 4539 om.
433 4490 461 4538 M
525 4489 557 4540 19
570 4489 685 4540 καλὸνΕ
749 4488 778 4539 21
796 4491 881 4555 ἐρρέθη
896 4488 945 4539 ΑΕ
1007 4488 1038 4538 23
1054 4492 1113 4551 ἡμῖν
1127 4489 1224 4539 om.M

174 4561 248 4620 ὣςτί
268 4580 298 4624 με
316 4562 341 4610 Α
404 4558 611 4626 26θεωρικιῐιςΕ
675 4562 696 4611 δ’
716 4574 770 4610 om.
793 4564 819 4610 M
884 4559 914 4608 27
934 4558 1208 4627 ἅπερευτίμείῑόπερ
1227 4559 1288 4612 libri

234 4632 264 4683 29
282 4629 420 4698 ἡγούμενος
434 4631 483 4698 γάρ
498 4649 526 4683 σε
542 4632 612 4683 Plat.
