3150 5504
303 455 335 505 30
683 446 823 496 mmm·
844 447 1041 497 ΦΙΛΟΣΟΦΟΥ

204 604 268 670 [1011
301 600 346 655 τὸν
361 598 478 679 Φαῖδρον
493 599 599 678 ἀνάγει,
617 601 631 655 6
647 597 675 656 δέ
690 596 810 679 Φαῖδρος
826 600 874 656 τὸν
891 599 1000 657 Λυσίαν·
1018 599 1068 657 οὐκ
1086 601 1195 675 ἀμέσως
1213 602 1264 682 γάρ
1283 605 1316 660 τά
1334 603 1426 661 τελευ-

299 704 361 753 ταῖα
377 699 440 776 πρὸς
456 699 488 753 τά
499 703 594 776 πρῶτα
610 696 773 777 ἐπιστρέφει,
788 697 858 756 ἀλλά
874 695 959 754 δεῖται
972 704 1027 754 τιῖιν
1044 697 1144 772 μέσων,
1160 701 1182 756 εῖ
1194 703 1238 756 καί
1250 703 1283 757 τά
1296 700 1425 780 ὑπέρτερα

300 801 380 850 πᾶσιν
399 795 508 869 ἀμέσως
528 796 665 874 πέρεστιν,
687 795 748 851 ὅσον
767 795 809 852 έπῖ
827 801 862 871 τῇ
883 798 986 852 έαυτιῖιν
1004 794 1128 870 δννάμει.
1145 799 1232 854 -Τὸ
1252 797 1281 854 δέ
1298 797 1425 876 έωσπερ

302 892 333 948 ἀν
351 895 384 962 ἧς
403 894 432 957 ὸς
453 895 477 950 εἶ
496 894 551 949 ἀντί
573 899 621 949 τοῦ
643 919 656 946 ιι
672 890 724 956 έως
745 892 776 949 ἀν
795 893 828 969 ᾗς
849 892 998 974 φιλόλογος
1019 896 1063 950 καῖ
1082 894 1171 970 θέλης
1191 918 1238 969 μοι
1257 895 1367 953 ἕπεσθαι
1382 899 1426 952 καὶ

255 997 269 1045 5
302 988 412 1070 ἔχεσθαί
430 1013 492 1065 μου,
513 1017 526 1044 ιι
548 993 640 1047 -Τὸ
661 990 689 1047 δέ
708 993 805 1055 οὗτος
827 993 914 1070 παρά
933 995 983 1049 σοί
1006 991 1094 1066 μάλα
1115 991 1271 1064 πλησίον·
1290 994 1363 1072 λέγει
1378 995 1426 1069 μὲν

303 1089 343 1144 ὅτι
366 1114 380 1143 ιι
399 1089 453 1168 ἐγὼ
472 1090 587 1168 πάρειμί
608 1112 650 1147 σοι
672 1090 750 1147 ὅταν
774 1090 894 1168 βοέλη·
919 1092 960 1148 ἀεί
981 1091 1031 1170 γέρ
1052 1113 1099 1147 σου
1118 1088 1230 1172 έχομαι·
1249 1117 1263 1145 ιι
1286 1094 1355 1171 πρὸς
1374 1094 1425 1171 γάρ

302 1185 421 1266 Φαῖδρον
439 1190 535 1257 ἦνκαὶ
554 1191 568 1243 6
587 1189 782 1267 προειρημένος
800 1186 853 1259 ἤδη
873 1187 954 1265 λόγος
968 1191 1011 1245 καὶ
1026 1191 1040 1245 6
1056 1195 1101 1245 νῦν
1121 1187 1233 1263 μέλλιον
1249 1191 1423 1268 ῥηθήσεσθαι·

302 1284 432 1359 σημαίνει
447 1283 476 1342 δέ
490 1286 532 1342 ότι
549 1289 575 1342 οῖ
594 1287 714 1345 καθόλου
729 1286 809 1364 λόγοι
824 1287 851 1344 ἐν
866 1293 900 1363 τῇ
917 1286 1113 1367 διεγηγερμένη
1130 1292 1205 1368 ψυχῇ
1226 1290 1266 1345 ἀεῖ
1284 1290 1426 1369 πρόχειροι

304 1384 367 1440 εἰσιν
382 1383 446 1439 όταν
464 1381 606 1460 βούληται.
624 1383 652 1439 ‘0
666 1383 694 1441 δέ
710 1385 859 1462 Σωκράτης
873 1385 941 1463 πρὸς
956 1386 1052 1449 ἀπλως
1068 1384 1151 1442 παῖδα
1168 1383 1322 1463 διαλέγεται
1336 1393 1424 1442 πᾶσαν

239 1483 271 1534 10
303 1479 346 1537 διά
361 1480 457 1537 τοέτου
471 1481 521 1550 τὴν
534 1481 660 1539 νεολαίαν
675 1480 800 1542 πελειῶν.

342 1632 395 1691 οα’.
419 1633 545 1688 Οὑτωσί
565 1633 678 1689 τοίνυν
700 1631 723 1686 ὦ
746 1637 803 1688 παῖ
824 1629 917 1712 καλέ]
939 1632 998 1691 243
1021 1632 1057 1693 E.

342 1778 376 1835 Τὸ
391 1777 488 1835 ταὸτὸν
501 1778 546 1834 καί
558 1775 649 1857 ’έτερον
663 1777 760 1835 τούτου
773 1798 801 1834 τε
816 1782 863 1834 τοῦ
879 1773 963 1854 λόγου
978 1777 1022 1841 καὶ
1038 1781 1084 1833 τοῦ
1103 1778 1301 1857 προειρημένου
1317 1776 1425 1835 θεασώ-

196 1884 285 1936 Μθι·
304 1880 384 1952 μεθα.
403 1878 497 1934 Κοινὸν
513 1878 562 1951 μὶν
575 1876 622 1934 οὖν
638 1876 730 1942 αὐτοῖς
743 1876 789 1932 καί
801 1875 898 1932 ταύτὸν
913 1876 945 1932 τὸ
960 1876 1021 1954 περὶ
1033 1873 1133 1954 ἔρωτος
1149 1876 1273 1932 εἶναικαὶ
1290 1875 1295 1954 Ι
1314 1884 1365 1946 τῆς
1378 1880 1426 1931 τοῦ

303 1975 388 2032 καλοῦ
410 1976 540 2054 θεωρίας·
564 1975 687 2053 ἐρωτικοί
706 1974 757 2054 γάρ
778 1975 843 2031 εἰσιν
862 1973 945 2054 ἀμφω
967 1974 993 2030 οῖ
1014 1971 1102 2050 λόγοι.
1125 1974 1282 2055 Διαφέρουσι
1303 1971 1331 2030 δέ
1350 1973 1425 2029 θτιὸ

157 2089 161 2092 ’
241 2083 271 2132 15
304 2075 352 2148 μὶν
372 2074 572 2152 προειρημένος
594 2073 624 2129 τὸ
646 2073 762 2153 ψυχικὸν
785 2071 893 2150 ἐθεώρει
917 2069 1022 2135 καλλος
1044 2072 1076 2128 τό
1096 2093 1127 2129 τε
1148 2071 1176 2128 έν
1198 2071 1359 2146 ἐπιστήμαις
1379 2072 1425 2127 καί

282 2179 285 2186 ’
303 2172 411 2250 ἀρεταῖς
430 2173 476 2228 καί
494 2172 541 2228 τὸν
560 2171 686 2252 σώφρονα
704 2168 792 2250 έρωτα
810 2171 856 2227 τὸν
869 2177 919 2241 τῆς
935 2172 1026 2250 ψυχῆς
1041 2167 1123 2240 αὐτῆς
1137 2171 1235 2241 ἑαυτὸν
1252 2169 1423 2248 θεωρούσης,

304 2271 317 2326 6
333 2268 361 2327 δέ
377 2268 490 2345 μέλλων
505 2266 669 2348 ῥηθήσεσθαι
683 2269 714 2325 τὸ
729 2269 827 2340 νοητὸν
840 2267 1027 2325 ἐπισκέπτεται
1040 2265 1146 2331 κέλλος
1160 2267 1205 2324 καί
1218 2268 1273 2324 τὸν
1292 2269 1424 2346 ὸπερου-

304 2369 415 2448 ράνιον
434 2368 534 2425 τόπον
553 2368 668 2443 ἀνυμνεῖ
686 2369 730 2424 καί
748 2369 796 2424 τὸν
815 2372 894 2424 θεῖον
912 2368 957 2423 καί
976 2366 1120 2446 ἀναγωγὸν
1139 2364 1237 2445 έρωτα·
1256 2366 1300 2423 καί
1321 2363 1425 2428 δλωςὸ

197 2487 222 2535 p.
242 2473 288 2523 102
306 2468 355 2542 μὶν
370 2468 430 2546 περί
444 2467 507 2533 τοὸς
526 2467 531 2546 Ι
552 2468 649 2542 μέσους
666 2465 765 2545 λόγους
784 2475 835 2538 τῆς
850 2469 941 2546 ψυχῆς
957 2464 1160 2546 ἀναστρέφεται,
1177 2467 1191 2521 6
1207 2462 1236 2521 δέ
1252 2464 1295 2521 ἐπὶ
1312 2464 1346 2521 τά
1361 2464 1425 2543 ὑπὲρ

241 2570 274 2621 20
305 2567 353 2637 τὴν
375 2567 466 2645 ψυχὴν
490 2567 655 2622 ἀνατείνεται
679 2563 751 2636 εἶ’δη.
779 2561 863 2621 Πάλιν
885 2564 975 2620 κοινὸν
997 2564 1088 2627 αὐτοῖς
1111 2564 1142 2620 τὸ
1162 2566 1333 2642 καθαρτικοῖς
1357 2562 1426 2618 εἶναι

304 2663 478 2743 ἀμφοτέροις·
500 2662 653 2744 διαφέρουσι
675 2661 703 2720 δὲ
721 2663 763 2719 ὸτι
777 2663 792 2718 ὸ
809 2663 857 2736 μέν
872 2662 974 2726 παντὸς
990 2666 1037 2718 τοῦ
1057 2662 1220 2742 φαινομένου
1235 2662 1279 2717 καὶ
1295 2654 1345 2724 ἔξω
1360 2659 1426 2716 κάλ-

306 2758 369 2825 λους
388 2761 497 2840 ἀπεῖργε
516 2762 625 2818 καὶτὸν
645 2759 801 2840 διάστρυφον
820 2754 988 2839 έξεκάθαιρεν
1008 2756 1095 2837 ἔρωτα
1113 2753 1255 2837 (ἐθοέλετο
1276 2759 1326 2836 γάιρ
1345 2757 1425 2813 αὐτὸν

305 2859 343 2924 είς
360 2860 454 2916 ἑαυτὸν
474 2859 629 2939 ἐπιπρέψαι
646 2860 691 2915 καί
712 2858 750 2922 είς
770 2859 801 2915 τὸ
820 2858 937 2939 ψυχικὸν
956 2863 1129 2937 περιαγαγεῖν
1149 2855 1276 2935 κάλλος),
1297 2857 1311 2913 ὸ
1332 2855 1360 2912 δέ
1379 2861 1425 2911 νῦν

304 2958 396 3014 καὶτὸ
414 2959 529 3039 ψυχικὸν
549 2959 657 3037 ἀφαιρεῖ
674 2956 779 3020 κᾶλλος
792 2957 836 3015 καί
852 2962 903 3012 πᾶν
915 2957 945 3013 τὸ
962 2953 1200 3030 πεπληθυσμένον,
1218 2956 1254 3018 είς
1266 2952 1295 3011 δὲ
1309 2955 1340 3010 τὸ
1355 2957 1426 3024 ἡνω-

242 3061 272 3111 25
307 3056 387 3130 μένον
400 3058 506 3112 καὶτὸν
520 3061 581 3112 νυὸν
596 3056 750 3130 ἀναπέμπει
764 3056 809 3110 καί
823 3055 859 3118 είς
869 3053 933 3110 αὐτὸ
946 3055 977 3110 τὸ
991 3054 1020 3110 ἓν
1035 3059 1090 3109 τιῖιν
1105 3059 1191 3111 θεῶν.
1207 3051 1293 3109 Πάλιν
1304 3050 1326 3108 δ’
1337 3049 1370 3108 αὖ
1380 3052 1425 3108 καί

304 3159 361 3216 τοῖς
379 3153 536 3231 προσώποις
551 3155 617 3231 πρὸς
636 3154 681 3219 οὓς
699 3152 807 3231 λέγεται
821 3158 979 3210 κοινωνοῦσι
993 3152 1039 3208 καὶ
1054 3150 1214 3233 διαφέρουσι·
1231 3152 1297 3207 καθὸ
1312 3152 1361 3225 μὶν
1374 3150 1425 3228 γάρ

304 3248 423 3329 Φαῖδρος
437 3252 472 3321 ἦν
487 3252 501 3306 6
515 3250 638 3307 κάκεῖνον
653 3251 759 3307 ἀκοόων
775 3252 820 3306 τὸν
834 3250 916 3329 λόγον
930 3251 975 3306 καῖ
987 3255 1096 3323 τοῦτον,
1112 3252 1270 3305 κοινωνοῦσι
1291 3247 1338 3305 καί
1356 3246 1425 3303 κατάι

305 3354 394 3405 τοῦτο·
411 3349 477 3405 καθὸ
491 3346 519 3405 δέ
531 3348 584 3429 οὐχ
598 3350 612 3405 6
625 3349 705 3412 αὐτός
720 3348 775 3405 ἐστι
789 3350 833 3406 καί
845 3349 941 3423 ὅμοιος
954 3347 1072 3427 Φαῖδρος
1085 3349 1099 3404 ὸ
1112 3344 1198 3403 πέλαι
1211 3347 1257 3402 καί
1270 3351 1329 3417 νῦν,
1340 3345 1424 3421 ταθτη

305 3444 482 3526 διαφέρουσιν·
504 3447 531 3503 έν
548 3448 596 3521 μἐν
616 3449 667 3527 γάρ
685 3454 724 3524 τῷ
744 3447 843 3527 πρώτῳ
863 3447 937 3526 λόγῳ
958 3447 1117 3524 Σωκράτους
1138 3443 1213 3501 οὕπω
1237 3445 1271 3521 ἦγ
1292 3446 1425 3521 κεκαθαρ-

241 3552 272 3602 3θ
306 3544 387 3619 μένος
407 3547 421 3600 6
442 3543 559 3624 Φαῖδρος
580 3540 719 3624 (έόοὸλετο
738 3545 789 3623 γὰρ
809 3544 864 3602 ἐκεῖ
884 3544 962 3600 αὐτὸν
981 3547 1096 3623 καθῆραι
1114 3544 1160 3600 καί
1184 3544 1221 3605 είς
1242 3542 1334 3599 ἐαυτὸν
1349 3540 1425 3597 ἐπισ-

304 3643 419 3724 τρέψαι),
443 3644 556 3701 ἐνταῦθα
576 3643 604 3701 δέ
624 3646 662 3707 ιὸς
681 3642 736 3716 ἤδη
757 3645 958 3723 κεκαθαρμένος
980 3644 1025 3700 καί
1046 3643 1139 3699 ἑαυτὸν
1163 3644 1308 3720 θεωρήσας
1328 3640 1373 3696 καὶ
1395 3641 1425 3695 τὸ

304 3741 331 3799 έν
351 3746 427 3822 ψυχῇ
446 3741 549 3806 κάλλος
567 3745 640 3799 οὕτω
660 3737 901 3821 παραλαμθᾶνεται
919 3739 1079 3820 ὸΦαῖὸρος.
1098 3740 1142 3796 Διὸ
1158 3738 1213 3797 ἐκεῖ
1229 3739 1278 3813 μὲν
1293 3738 1424 3817 ἀορίστως

304 3844 396 3905 ὀπαῖς
411 3837 579 3916 λαμθαίνεται
593 3843 638 3898 καῖ
654 3842 692 3905 ιίις
707 3842 774 3920 πρὸς
792 3840 894 3898 ἀπόντα
913 3839 1075 3918 διαλέγεται·
1095 3863 1108 3893 ιι
1126 3838 1164 3907 ἦν
1182 3838 1267 3895 οὕτω
1288 3834 1324 3907 δὴ
1345 3842 1424 3900 παῖς

306 3935 485 4012 μᾶλλονδὲ
507 3939 716 4017 μειρακίσκος
738 3936 826 4013 μάλα
844 3935 959 4010 καλός,
978 3961 992 3991 »
1013 3937 1058 3993 καὶ
1075 3935 1158 3993 πάλιν
1179 3959 1193 3989 ιι
1210 3935 1284 4013 περὶ
1305 3934 1426 3996 παντὸς

474 4045 476 4070 Ι

307 4190 448 4240 ’3243Ε
512 4188 638 4242 172470
703 4189 830 4241 332378

336 4313 535 4379 Νὒθέαυτών]
555 4315 616 4378 αὸτῆ
637 4314 665 4363 Μ
729 4313 814 4364 θάντὶ
829 4317 873 4363 τοῦ
888 4326 942 4362 om.
960 4313 987 4361 Μ
1052 4306 1361 4376 6βούλειΑεί.79,22

303 4384 319 4432 9
335 4403 396 4451 προς
409 4385 503 4450 απλως]
519 4373 676 4451 απλως’πρὸς
693 4385 726 4434 Μ
787 4386 816 4434 10
832 4383 942 4446 τελειών]
954 4382 1081 4433 τελέσιονί
1146 4383 1176 4432 ll
1191 4384 1293 4442 οὑτωσί,
1305 4384 1334 4432 οὑ
1344 4383 1423 4450 rubr.

304 4458 328 4505 Α
361 4447 364 4454 ’
392 4457 421 4505 15
438 4457 497 4507 fort.
510 4459 538 4507 τὸ
556 4461 580 4507 έν
597 4454 744 4520 ἐπιστήμαις
758 4474 783 4506 τε
848 4455 876 4503 16
891 4463 933 4516 τῆς
947 4453 1111 4515 ευιίρείῑόις
1124 4448 1186 4503 libri
1251 4454 1281 4502 19
1298 4451 1347 4516 ἐπὶ]
1360 4453 1423 4519 ὑπὲρ

304 4528 355 4577 M:
376 4529 437 4594 πρὸς
455 4531 513 4578 Λετ
575 4528 606 4577 22
622 4524 820 4588 ἐθοὸλεταιέείο)
835 4528 859 4575 Α
924 4525 1021 4588 ἑαυτὸν]
1037 4525 1112 4575 αὑτὸν
1132 4518 1161 4573 Μ
1226 4522 1256 4574 34
1274 4521 1420 4588 μᾶλλονδὲ]

275 4613 280 4624 ·
306 4602 399 4661 μᾶλλον
413 4602 455 4649 καὶ
471 4599 500 4649 Μ
565 4595 651 4662 καλός]
665 4601 720 4656 νέος
736 4598 763 4647 Μ
