3120 5506
285 485 331 537 με
666 447 806 524 emmor
826 471 1022 523 οιιυεοψυι·

187 635 253 703 [1281
285 645 341 701 ται,
357 624 411 706 οὑχ
425 623 583 704 ὑπόπτεροι·
599 622 642 680 ἐπὶ
653 621 682 679 ὑὶ
695 626 774 697 ἡμῶν
788 628 841 679 τῶν
853 621 1030 701 ἀνθρωπείων
1045 624 1143 701 ψυχῶν
1157 621 1207 678 οὑκ
1220 620 1263 679 άεὶ
1275 627 1360 678 ταῦτα
1374 622 1409 678 τά

284 722 367 802 πτερά
381 717 593 802 προὺεὑλημένα
606 719 719 801 ἔχομεν,
740 718 814 778 ἀλλὰ
827 719 894 778 ποτὶ
910 719 959 794 μέν
978 719 1082 793 μὺοντα
1100 720 1144 776 καί
1162 719 1270 799 άργά...
1286 720 1337 791 τὴν
1358 720 1408 794 μέν

283 821 335 901 γάρ
349 816 459 895 όὺναμιν
474 819 560 885 αὑτῶν
573 816 688 901 ἐχομεν,
704 816 833 877 οὐδέποτε
848 818 899 898 γάρ
914 815 1074 892 άπόλλυμεν
1091 817 1138 882 τάς
1155 815 1295 894 δυνάμεις,
1314 819 1364 889 τὴν
1379 815 1408 873 ὑὶ

283 919 418 999 ίνίργειαν
437 918 487 976 οὑκ
502 919 543 976 άεί
561 915 676 999 ἔχομεν·
698 914 739 974 διὸ
759 914 800 997 ἐρ’
814 920 895 991 ἡμῶν
911 915 1076 995 οίκειότερον
1089 915 1121 972 τό
1137 916 1287 996 ὑπόπτερον
1302 917 1341 981 ὡς
1356 916 1408 987 τὴν

236 1029 251 1078 5
283 1015 397 1093 όὺναμιν
411 1015 542 1099 ἐχόντων,
557 1017 608 1087 τὴν
622 1015 651 1074 δέ
664 1016 797 1095 ἐνέργειαν
812 1015 843 1073 οὑ
858 1015 976 1086 πάντως,
993 1013 1037 1071 έπί
1050 1013 1079 1071 δέ
1092 1021 1145 1071 τῶν
1166 1019 1241 1072 θεῶν
1255 1015 1286 1071 τό
1299 1000 1408 1095 πτερω·

283 1116 330 1174 τόν
349 1116 447 1174 ὡσανεί
467 1113 590 1196 ἐνεργοὺς
607 1116 652 1172 καί
670 1115 717 1179 τὰς
737 1111 862 1189 δυνάμεις
877 1115 923 1171 καί
938 1114 986 1177 τάς
1002 1112 1137 1192 άνεργείας
1153 1112 1285 1193 ἐχόντων.
1304 1114 1350 1171 Διό
1363 1114 1409 1170 καὶ

283 1210 348 1287 έξῆς
363 1214 407 1272 ἐπὶ
426 1222 475 1287 τῆς
492 1218 574 1290 ἡμῶν
590 1219 683 1295 ψυχῆς
697 1230 775 1294 ρησι·
795 1236 810 1268 (ι
825 1212 930 1271 πάλαι
947 1212 1008 1292 γάρ
1027 1212 1066 1280 ἡν
1085 1215 1250 1292 πτερωτὴ,
1268 1236 1283 1267 ν
1305 1209 1407 1270 Βουλό-

285 1335 366 1390 μενος
385 1311 432 1370 οὑν
448 1313 539 1370 κοινὸν
559 1320 672 1385 ποιῆσαι
689 1312 737 1369 τόν
756 1310 839 1389 λόγον
856 1309 900 1368 ἐπί
916 1331 947 1368 τε
965 1316 1020 1368 τῶν
1034 1309 1178 1390 ἡμετέρων
1191 1313 1287 1391 ψυχῶν
1301 1312 1346 1368 καί
1363 1310 1407 1368 ἐπὶ

283 1416 338 1470 τῶν
353 1412 449 1490 ποίων,
466 1412 496 1469 τὸ
513 1411 699 1493 ὑπόπτερον
715 1411 784 1471 εἶπε.
802 1417 887 1468 Πᾶσαι
898 1412 948 1491 γάρ
961 1411 989 1467 αί
999 1412 1084 1491 ψυχαὶ
1095 1405 1190 1493 έχουσι
1200 1414 1251 1482 τὴν
1264 1410 1407 1490 άναγωγόν

221 1521 252 1572 10
283 1509 407 1588 δύναμιν,
428 1511 451 1569 εί
471 1511 517 1567 καί
537 1512 566 1568 οἳ
585 1511 634 1586 μέν
653 1511 696 1568 άεί
716 1509 825 1589 ἐνεργόν
846 1511 875 1566 αἳ
892 1508 921 1567 δέ
934 1508 1010 1569 ποτέ.
1026 1510 1060 1566 'E
1074 1510 1119 1567 καί
1132 1510 1234 1589 κυρίως
1250 1509 1282 1566 άν
1298 1508 1407 1588 λέγοιτο

282 1609 313 1667 τό
329 1609 479 1689 ὑπόπτερον
497 1609 540 1666 ίπί
559 1626 591 1667 τε
609 1614 665 1666 τῶν
684 1606 769 1666 θείων
788 1610 832 1664 καί
851 1613 906 1665 τῶν
924 1609 1068 1687 ἡμετέρων
1087 1611 1194 1690 ψυχῶν·
1216 1606 1259 1665 έπί
1280 1609 1330 1683 μέν
1351 1613 1407 1668 τῶν

282 1707 368 1767 Βείων
387 1708 429 1765 ὅτι
445 1706 479 1778 όή
499 1709 533 1764 τά
550 1707 635 1787 πτερά
652 1708 715 1787 περὶ
732 1707 782 1770 τάς
796 1706 955 1785 κοιλοτίρας
969 1706 1058 1764 αὑτῶν
1074 1708 1120 1764 καί
1135 1707 1308 1787 πιριπεζίους
1327 1705 1406 1764 δυνά-

283 1828 342 1883 μεις
361 1807 389 1864 αί
408 1805 537 1885 ἐνέργειαι
555 1806 596 1864 ἀεὶ
615 1803 783 1885 ἐνιδρυμίναι
799 1805 850 1863 είσί
868 1809 926 1868 τοῖς
944 1813 1066 1877 νοητοῖς,
1084 1805 1127 1863 ἐπί
1146 1803 1175 1862 ὑὶ
1193 1811 1248 1863 τῶν
1263 1805 1408 1886 ἡμετέρων

281 1906 312 1962 τό
328 1904 395 1964 ὑλον
408 1909 488 1962 τοῦτο
500 1905 531 1961 τὸ
547 1903 699 1984 ὑπόπτερον
714 1905 839 1984 ἁρμόζει,
855 1901 948 1973 ἐπειδὴ
961 1903 1062 1984 κυρίως
1075 1905 1105 1960 τὸ
1119 1904 1258 1983 πτερωτόν
1273 1903 1324 1960 οὑνι
1337 1898 1408 1960 ἔστιν

222 2013 251 2063 15
283 2001 381 2075 άληὺἐς
397 2001 438 2060 ἐπ’
455 2002 548 2075 αὑπὴς,
566 2002 589 2060 εί
607 2004 646 2078 μὴ
661 2004 738 2062 ποτέ.

325 2158 372 2237 ιβ’.
399 2162 477 2218 Οίον
503 2160 559 2234 μὶν
583 2158 639 2216 οὑν
664 2159 745 2237 ἐστι]
771 2161 830 2218 246
854 2159 891 2219 Α.

321 2306 356 2362 Τὸ
375 2303 482 2381 πάντῃ
502 2304 632 2370 πάντως
652 2301 825 2362 δυνατόνκαὶ
843 2312 881 2384 τῷ
900 2306 952 2385 πρὸ
971 2304 1053 2363 αὑτοῦ
1072 2306 1224 2363 συντάττειν
1238 2307 1332 2384 καὶτῷ
1348 2303 1409 2381 μετ’

283 2401 358 2461 αὑτό.
380 2401 413 2459 Ἢ
435 2403 498 2482 γάρ,
522 2405 592 2459 οἷον
612 2405 670 2478 μέν
692 2400 760 2461 ἐστι
781 2403 886 2480 πάντῃ
907 2403 1035 2468 πάντως
1056 2403 1189 2482 (τουτέστι
1207 2410 1244 2482 τῷ
1264 2401 1333 2503 όντιψ
1351 2402 1409 2460 ίδέα

282 2509 331 2574 τῆς
353 2503 445 2582 ψυχῆς
468 2499 565 2565 θείοις
590 2496 677 2559 είναι
700 2501 754 2559 καί
780 2508 903 2583 μακρᾶς
926 2499 1126 2581 όιηγὴσεως·
1149 2502 1166 2574 ἡ
1188 2503 1230 2559 ότι
1253 2504 1326 2559 οἷον
1349 2503 1408 2577 μίν

219 2601 251 2651 20
283 2598 370 2659 ἐστιν
384 2603 402 2670 ἡ
418 2595 475 2657 ίόέα
489 2607 538 2670 τῆς
554 2603 645 2680 ψυχῆς
661 2600 757 2666 θείας
775 2597 830 2657 ἐστι
847 2600 952 2677 πάντῃ
971 2600 1103 2666 πάντως
1122 2603 1175 2658 καὶ
1195 2607 1320 2680 μακρᾶς
1337 2598 1408 2672 διε,-

281 2698 420 2777 γὴσεως,
443 2698 535 2762 Θείας
559 2695 608 2773 μὶν
628 2696 717 2769 ἐπειδὴ
740 2700 801 2778 περὶ
820 2703 876 2756 τῶν
891 2700 964 2756 οὑτω
980 2697 1111 2777 μεγάλων
1131 2698 1299 2780 πραγμάτιον
1317 2700 1343 2756 σί
1370 2698 1407 2755 ἐν·

281 2801 440 2861 θουσιῶντες
464 2790 580 2872 μάλιστα
603 2793 632 2852 τό
657 2794 758 2869 άληίίές
782 2798 851 2873 ἡμῖν
872 2797 932 2876 περὶ
957 2795 1046 2854 αὑτῶν
1070 2792 1302 2876 άποκρλὺπτουσι·
1326 2798 1358 2854 τὸ
1380 2795 1409 2854 δὲ

282 2901 407 2975 μακρᾶς
427 2890 518 2965 ἐπειδὴ
539 2892 567 2952 εί
580 2917 620 2959 τις
641 2896 708 2952 κατὰ
722 2896 785 2952 νοὺν
801 2893 919 2976 ἐνεργῶν
934 2897 965 2953 τὸ
980 2893 1052 2960 είὺος
1067 2900 1118 2969 τῆς
1132 2900 1224 2977 ψυχῆς
1240 2899 1310 2971 ἡμῖν
1326 2891 1408 2974 ἐξαγ-

279 2990 387 3070 γέλλοι,
411 2989 519 3050 πολλοῦ
546 2989 690 3073 ἐξελιγμοῠ
713 2992 800 3052 δεῖται
826 2995 946 3067 νοήσεως
970 2993 1017 3051 ἵνα
1041 2993 1107 3051 αὑτὸ
1132 2996 1232 3058 ἱκανῶς
1255 2988 1406 3074 περιλάόῃ.

218 3096 248 3146 25
282 3094 410 3164 Δεὴσεται
423 3091 474 3171 γὰρ
488 3092 576 3164 πάσης
590 3100 639 3164 τῆς
654 3090 679 3149 έν
690 3093 818 3168 Τιμαίῳ
833 3092 996 3174 ψυχογονίας
1010 3093 1054 3149 καὶ
1071 3099 1125 3149 τῶν
1143 3095 1299 3172 ἁρμονικῶν
1315 3092 1409 3171 λόγων

280 3190 324 3244 καί
337 3197 386 3260 τῆς
397 3195 453 3245 τῶν
470 3188 581 3246 εὑόειῶν
595 3191 794 3267 κατακάμψεως
805 3190 850 3248 καί
863 3191 972 3248 πάντων
987 3196 1042 3247 τῶν
1055 3191 1197 3249 τοιούτων.
1208 3196 1252 3234 ’-
1264 3191 1313 3248 Καὶ
1327 3189 1410 3255 αὑτός

282 3283 310 3343 δέ
329 3285 343 3343 ό
365 3284 482 3344 Πλάτων
504 3283 625 3367 ἐναργῶς
646 3282 790 3355 ἐνεδείξατο
809 3287 851 3347 ότι
869 3272 938 3346 κατά
956 3290 1004 3353 τάς
1025 3286 1153 3364 δυνάμεις
1173 3287 1214 3346 ὑεῖ
1228 3283 1327 3346 λαὺεῖν
1341 3289 1408 3353 τοὺς

279 3385 379 3450 ίππους
395 3385 442 3442 καὶ
459 3385 506 3442 τόν
525 3382 640 3467 ἡνίοχον
659 3385 754 3444 εἰπών·
773 3411 787 3443 π
804 3383 892 3446 ἔοικέ
911 3408 955 3462 τιμ
977 3386 1015 3458 δὴ
1040 3387 1196 3468 ξυμρὺτιμ
1219 3385 1372 3462 δυνάμει.
1392 3408 1407 3445 ν)

281 3486 366 3541 -Τὸ
378 3481 407 3541 δέ
421 3481 607 3564 ὑποπτέρου
622 3483 767 3564 ζεὺγους·
782 3485 813 3543 οὑ
828 3487 937 3551 πάντως
953 3485 999 3544 δὺο
1014 3484 1116 3551 ἵππους
1133 3482 1216 3564 λέγει·
1234 3488 1261 3542 οί
1275 3487 1326 3565 γάρ
1343 3485 1408 3543 3εοῖ

221 3589 251 3638 30
282 3584 351 3640 κατὰ
364 3584 415 3653 τὴν
431 3581 534 3640 οἰκείαν
549 3581 672 3656 ίδιότητα
686 3582 805 3665 ὑιαρόρῳ
820 3582 924 3666 άριὺμῷ
936 3584 1028 3641 ἳππων
1042 3584 1184 3666 χρώμενοι
1201 3580 1407 3663 παραδίδονται,

281 3680 307 3735 οἳ
323 3679 371 3754 μὶν
385 3675 428 3736 ἐπί
442 3678 588 3758 τεσσάρων,
605 3677 632 3736 οἳ
646 3676 675 3736 δέ
689 3678 731 3736 ἐπί
744 3674 804 3751 ἓξὴ
822 3681 904 3737 ὀκτώ·
920 3677 984 3739 ἀλλ’
1001 3679 1094 3752 ἐπειδὴ
1113 3682 1181 3745 τέως
1201 3681 1235 3737 τά
1253 3679 1331 3736 κοινὰ
1350 3687 1409 3737 τῶν

280 3792 310 3834 τε
331 3776 419 3834 θείων
439 3778 485 3834 καί
506 3782 561 3834 τῶν
582 3775 758 3859 ἀνθρωπίνων
780 3782 887 3858 πρῶτον
907 3777 1076 3860 παραδοῦναι
1099 3778 1239 3857 βούλεται,
1260 3776 1303 3835 διά
1325 3784 1409 3836 τοῦτο

280 3874 412 3955 ἀορίστως
434 3874 509 3933 εἶπεν
528 3875 714 3956 ὑποπτέρου
736 3871 884 3955 ζὲὑγους.
901 3879 936 3935 Τὸ
954 3875 983 3934 δέ
998 3876 1187 3956 ὑπόπτερον
1206 3874 1259 3948 {Q
1274 3877 1320 3933 καὶ
1336 3877 1410 3933 άνω·

311 4099 326 4148 7
342 4099 387 4184 351
404 4098 427 4148 B
490 4100 520 4151 3³
538 4101 654 4166 ἀνωτέρω
671 4097 726 4161 125,
743 4097 775 4149 28

311 4218 373 4269 TIT
388 4219 419 4270 29
435 4222 462 4270 το
478 4223 563 4286 ζεῦγος
578 4219 608 4272 οὐ
623 4216 668 4271 όὺο
684 4223 760 4284 μόνον
777 4219 869 4277 ἵππους
884 4219 949 4272 άλλέι
968 4220 1010 4270 καί
1028 4222 1129 4278 πλείους
1143 4222 1259 4284 σημαίνει
1275 4217 1296 4268 C

312 4349 360 4401 Nc
379 4349 394 4400 2
411 4349 489 4400 deest
506 4348 597 4402 oolum
617 4347 735 4399 merum
755 4362 762 4397 ε
784 4347 845 4399 ποτέ
864 4348 920 4400 δέ...
941 4351 1015 4399 κ.τ.λ.
1079 4344 1094 4398 5
1116 4351 1127 4400 ί
1147 4346 1236 4414 όντων]
1256 4348 1357 4415 ’ἔχοντες
1379 4344 1407 4398 Μ

342 4418 809 4484 6·7καίίίῆςΑιιίνίά.τίξὴςΜ
873 4419 1005 4484 ῚφηοίΑ
1069 4366 1342 4480 λὺοίον,ο1ὐὺπ.λ

282 4490 326 4543 οὑν
340 4504 394 4542 om.
408 4490 476 4544 Plat.
490 4491 538 4543 sed
549 4492 585 4543 οί.
598 4491 630 4542 18
642 4499 671 4542 et
683 4492 713 4540 19
777 4489 807 4540 17
823 4486 914 4566 πάντῃ]
930 4486 1053 4555 μέντοιΜ
1117 4490 1250 4552 whom.
1267 4486 1298 4539 M
1365 4494 1411 4542 καί

281 4572 335 4613 om.
347 4562 377 4612 M
441 4562 515 4615 23⁶24
532 4565 672 4629 ἐξαγγέλλει
685 4557 716 4612 Μ
778 4563 809 4612 25
828 4564 954 4630 ἁρμονιῶν
970 4563 1048 4627 λόγου
1063 4563 1101 4611 A·
1163 4560 1195 4611 2⁸
1211 4562 1278 4612 έοιτί
1290 4559 1338 4627 περ]
1355 4565 1411 4613 ίσι*

281 4637 344 4685 κέτω
362 4633 441 4685 Met.
458 4634 513 4691 122ς
528 4637 558 4685 15
622 4633 651 4686 31
668 4633 798 4702 τεσσάρων
814 4629 966 4697 (δἈΠδὺο
982 4632 1010 4681 Μ
1125 4661 1128 4667 -
