3120 5506
322 460 981 556 εωωωωωωωωωωωι
1162 489 1233 563 ω,

24 622 69 709 ⁸31
90 636 119 694 δέ
140 631 256 719 ἡψυχὴ
278 638 410 721 προσάγει
434 638 525 704 αὐτοῖς
549 642 594 699 καί
617 639 754 721 ἀφίστησι·
779 641 824 697 καί
846 640 1016 721 προσάγουσα
1039 638 1087 714 μέν
1111 638 1209 709 έαυτήν
1289 651 1294 661 ’

89 731 230 804 αὔξεται
244 740 289 795 καί
311 741 380 797 κατὰ
400 739 485 804 πόσας
505 739 613 820 ἐνεργείι
627 741 673 805 τάς
694 737 823 814 δυνάμεις
847 741 891 796 καὶ
915 737 1087 810 δυνατωτάτη
1111 722 1209 808 έαυτῆς

89 836 200 915 γίνεται,
214 837 382 919 ἀφισταμένη
396 836 425 895 δὲ
438 838 633 896 ἀποστενοῦται
646 839 691 895 καὶ
705 838 817 909 ἀσθενὴς
830 837 874 894 καί
889 836 976 908 δοῦλη
989 837 1095 916 γίνεται
1106 836 1210 894 τούτων

89 936 127 991 ῶν
142 935 209 1004 αῦτὴ
227 936 297 1010 μετὰ
310 942 364 993 τῶν
379 942 454 995 θεῶν
468 936 653 1017 περιπολοῦσα
666 937 794 1018 πρόνοιαν
808 936 936 996 ἐποιεῖτο.
956 940 1106 1015 Προσιοῦσα
1125 933 1153 992 δὲ
1171 940 1209 1013 τῷ

41 1038 56 1086 5
90 1034 166 1116 αίσχ
174 1039 227 1112 ρῷ,
244 1034 370 1107 όέστινὴ
387 1036 454 1108 ίίλη,
467 1036 513 1094 καί
528 1042 567 1111 τῷ
581 1042 681 1116 κακῷ,
696 1036 711 1093 ό
723 1037 778 1093 ἐστι
791 1035 822 1093 τὸ
837 1036 875 1100 εἰς
887 1032 993 1107 πλῆθος
1006 1035 1104 1105 έαυτὴν
1117 1031 1210 1091 δοῦναι

89 1131 132 1185 καί
148 1132 278 1209 μερισμὸν
294 1132 339 1187 καί
358 1136 417 1197 τοῖς
437 1132 551 1208 ἀμαθέσι
569 1134 690 1197 καὶτοῖς
710 1131 836 1205 ἀνοήτοις
858 1129 1092 1211 προσεληλυθέναι
1110 1128 1139 1209 (δ’
1158 1128 1211 1188 ἐστι

89 1235 147 1293 τοῖς
167 1229 298 1307 σώμασι),
316 1231 482 1310 παραθραόει
499 1231 551 1302 τὴν
569 1237 623 1288 τῶν
641 1237 747 1311 πτερῶν
767 1229 881 1305 δόναμιν
897 1229 942 1286 καίΙ
962 1229 1030 1310 ἀργά
1045 1228 1112 1285 αὐτὰ
1125 1233 1208 1287 ποιεῖ·

88 1332 168 1386 τοῦτο
181 1328 232 1406 γάρ
247 1325 331 1400 δηλοῖ
344 1329 375 1385 τὸ
389 1328 507 1408 φθίνει.
522 1330 558 1386 Τὸ
574 1327 602 1386 δὲ
616 1327 802 1400 διόλλυται,
817 1326 912 1400 ἐπειδὴ
925 1327 1043 1392 θάνατός
1053 1326 1108 1386 ἐστι
1122 1330 1212 1408 ψυχῆς

88 1425 164 1497 ὴείς
183 1432 264 1502 σῶμα
287 1432 401 1492 πτῶσις·
422 1424 499 1508 ἀργεῖ
517 1427 568 1507 γάρ
590 1428 652 1484 τότε
675 1429 743 1485 κατὰ
763 1427 811 1493 τάς
836 1426 919 1508 ἀκρας
943 1429 1040 1498 έαυτῆς
1062 1424 1209 1506 ἐνεργείας.

26 1530 57 1581 10
89 1524 214 1583 Ἐναντί
220 1548 237 1582 α
255 1525 284 1584 δέ
302 1527 363 1584 εἶπε
379 1526 409 1584 τὸ
430 1528 542 1608 αίσγρδν
560 1529 605 1583 καὶ
624 1527 726 1602 ἀμαθὲς
740 1529 785 1584 καὶ
804 1528 888 1584 κακὸν
904 1524 953 1584 οῦκ
967 1525 1060 1601 ἐκείνῳ
1078 1531 1116 1604 τῷ
1134 1525 1210 1604 καλῷ

88 1625 133 1681 καί
151 1630 225 1706 σοφῷ
241 1627 285 1681 καὶ
304 1625 397 1704 ἀγαθῷ
416 1630 452 1704 τῷ
473 1625 500 1683 έν
518 1632 575 1690 τοῖς
595 1631 673 1690 3εοῑς
695 1625 783 1705 (οὐδέν
805 1626 856 1705 γάρ
877 1625 971 1688 αὐτοῖς
992 1623 1047 1681 ἐκεῖ.
1066 1620 1209 1700 ἐναντίον),

89 1721 162 1780 ἀλλά
185 1730 242 1787 τοῖς
266 1723 379 1781 ἐνταῦθα
401 1724 503 1789 καλοῖς·
524 1726 570 1782 καὶ
593 1732 687 1805 σοφοῖς
711 1727 755 1782 καί
778 1725 890 1803 ἀγαθοῖς
914 1730 973 1787 τοῖς
996 1723 1056 1803 περὶ
1079 1726 1154 1799 ἡμᾶς
1178 1723 1211 1781 τά

89 1821 200 1879 ἐναντία
219 1823 305 1895 εἶπεν,
328 1824 366 1887 ὡς
385 1825 431 1880 καί
452 1829 489 1902 τῷ
509 1823 621 1881 ἐνταῦθα
640 1824 710 1904 φωτὶ
731 1823 762 1881 τὸ
782 1824 878 1888 σκότος
898 1823 1030 1881 ἐναντίον·
1056 1821 1087 1880 οῦ
1107 1822 1158 1902 γὰρ
1177 1821 1209 1892 δὴ
1272 1882 1273 1887 ,

88 1927 126 2000 τῷ
141 1921 169 1979 ἐν
182 1927 219 2000 τῷ
233 1919 314 1997 ἡλίῳ,
331 1922 405 1981 ἀλλά
418 1928 455 2003 τῷ
474 1925 534 2005 περὶ
552 1927 627 1999 ἡμᾶς
646 1924 758 1996 καίτήν
776 1932 828 2003 γῆν
847 1925 917 2005 φωτὶ
934 1923 965 1980 τὸ
985 1922 1096 1982 ἐνταῦθα
1114 1921 1210 1990 σκότος

25 2022 56 2074 ¹5
90 2019 221 2081 ἐναντίον.

128 2157 183 2249 κγ’,
206 2167 235 2226 ‘0
257 2169 315 2246 μέν
336 2168 373 2242 δὴ
398 2170 498 2250 μέγας
517 2169 663 2251 ἡγεμών]
686 2144 746 2229 246
767 2169 804 2232 Ε.

130 2321 242 2395 Πρῶτον
259 2306 312 2384 τὴν
330 2315 470 2397 συνέχειαν
488 2313 592 2371 τοότων
609 2320 664 2371 τῶν
683 2315 775 2393 ῥητῶν
793 2315 860 2396 πρός
879 2316 913 2372 τδι
930 2316 982 2396 πρό
1002 2315 1090 2374 αὐτῶν
1106 2315 1211 2374 ἐπισκι-

89 2411 217 2490 ψιίιμεθα·
237 2410 312 2470 δοκεῖ
331 2412 383 2492 γάρ
399 2411 488 2492 ὥσπερ
507 2412 689 2491 ἀπηρτῆσθαι.
711 2412 841 2494 Ἐροῦμεν
861 2412 914 2485 ότι,
934 2410 1027 2485 ἐπειδὴ
1048 2413 1123 2472 εἶπεν
1143 2411 1211 2470 ἀνω-

89 2512 158 2592 τέρω
172 2512 233 2591 περί
249 2514 339 2591 ψυχῆς
353 2511 395 2567 ότι
411 2534 425 2566 ιι
442 2508 541 2569 τελέα
562 2511 620 2585 μὲν
640 2508 720 2568 οῦσα
738 2513 793 2568 καί
811 2509 1026 2591 ἐπτερωμένη
1048 2531 1211 2592 μετεωρο·
1272 2539 1274 2543 ⁴

26 2617 58 2667 20
89 2616 187 2690 πορεῑ
209 2631 242 2667 τε
265 2610 319 2666 καί
341 2609 447 2666 πάντα
466 2610 522 2666 τόν
543 2609 669 2684 κόσμον
691 2607 823 2680 διοικεῖ,
845 2613 863 2681 ἡ
886 2608 919 2667 δέ
938 2612 1212 2690 πτερορρυήσασα

24 2718 74 2768 όν·
89 2710 225 2790 φέρεται
243 2708 248 2788 Ι
264 2705 326 2772 έως
342 2709 377 2765 οῦ
396 2712 532 2788 στερεοῦ
551 2729 641 2772 τινος
660 2704 894 2782 ἀντιλόθηται,
912 2731 927 2763 »
950 2707 1079 2787 βούλεται
1098 2709 1212 2768 ἐνταῦθα

88 2807 150 2872 τοῦς
165 2807 263 2872 αἰτίους
276 2815 326 2878 τῆς
342 2807 489 2885 ἀναγωγῆς
501 2804 668 2887 παραδοῦναι
682 2807 777 2877 εεοῦς,
793 2811 853 2871 πῶς
873 2807 921 2883 μἐν
937 2803 1095 2886 ἐξηγοῦνται
1110 2810 1211 2874 παντὸς

88 2913 136 2964 τοῦ
159 2907 275 2982 κόσμου,
297 2911 356 2971 πῶς
377 2893 409 2964 δέ
428 2905 513 2963 πάντα
535 2905 577 2963 ἐπὶ
597 2907 627 2963 τὸ
649 2907 748 2979 νοητὸν
769 2905 981 2989 ἐπιστρέφουσιν·
1005 2910 1046 2972 οἷς
1070 2906 1103 2980 δὴ
1125 2908 1211 2982 καὶὴ

90 3006 164 3085 ψυχὴ
186 3007 282 3077 ἑαυτὴν
304 3002 441 3076 ἐπιδοῦσα,
463 3005 526 3061 τότε
544 3004 591 3060 καί
614 3004 681 3074 αῦτὴ
701 3005 733 3061 τὸ
751 3013 804 3062 πᾶν
826 3005 996 3086 ἐπιτροπεύει
1015 3008 1060 3064 καί
1083 3007 1212 3087 ἀνάγεται

26 3111 57 3162 25
90 3102 133 3159 ἐπί
148 3103 179 3158 τὸ
195 3102 292 3174 νοητὸν
310 3102 355 3157 καὶ
372 3106 473 3180 θεωρεῖ
487 3101 521 3157 τά
535 3096 587 3166 ἐξω
601 3105 650 3158 τοῦ
665 3100 788 3181 οὐρανοῦ,
805 3102 969 3184 ἀφισταμένη
986 3101 1014 3160 δέ
1029 3102 1117 3161 αὐτῶν
1132 3105 1212 3186 φέρε·

90 3221 134 3255 ται
154 3198 239 3259 κάτω.
260 3199 396 3270 Ζητητέον
415 3196 444 3254 δέ
463 3197 490 3254 ἐν
511 3198 617 3263 τούτοις
634 3197 674 3262 τίς
694 3200 709 3255 ό
727 3198 792 3263 Ζεῦς
813 3200 857 3256 καί
874 3199 946 3265 τίνες
965 3202 991 3257 οί
1010 3198 1115 3278 δώδεκα
1134 3202 1209 3262 θεοί.

89 3298 159 3361 Τινές
177 3286 294 3372 ’μένοῦν
313 3297 361 3361 τάς
380 3293 487 3353 δώδεκα
505 3296 616 3376 σφαίρας
628 3301 676 3353 τοῦ
692 3297 797 3372 κόσμου
813 3295 944 3371 ἥκουσαν,
960 3299 1011 3369 τὴν
1025 3296 1147 3372 ἀπλανῆ,
1162 3301 1211 3364 τάς

90 3395 352 3470 έπτάπλανωμένας
369 3396 466 3451 καὶτὰ
483 3392 598 3475 τέσσαρα
618 3402 750 3475 στοιχεῖα·
771 3396 816 3451 καί
834 3397 881 3452 τὸν
898 3396 947 3472 μέν
962 3396 1012 3454 Δία
1033 3392 1128 3464 ἐταίαν
1142 3400 1212 3455 κατά
1312 3418 1313 3421 ’

89 3497 138 3566 τὴν
157 3494 266 3565 ἀπλανῆ
287 3491 378 3564 ἐπειδὴ
396 3493 484 3550 πάντα
503 3491 570 3575 ἄγει,
587 3495 638 3565 τὴν
657 3491 685 3550 δέ
700 3493 802 3551 Ἑστίαν
821 3496 889 3552 κατὰ
906 3497 956 3567 τήν
970 3505 1023 3575 γῆν
1043 3494 1087 3552 διά
1103 3497 1134 3553 τὸ
1154 3496 1210 3553 θκί-
1271 3486 1274 3491 ⁸

28 3603 59 3653 30
90 3614 183 3665 νητον.
207 3594 239 3648 Οί
257 3590 285 3648 δὲ
303 3592 351 3655 τάς
368 3596 423 3648 τῶν
443 3597 561 3672 σφαιρῶν
580 3592 683 3648 τοότων
701 3593 801 3674 ψυχάς.
819 3594 850 3650 Οἳ
867 3592 895 3652 δέ
909 3591 949 3651 ἐτι
965 3595 1069 3652 τοότων
1087 3595 1211 3676 καθαριό-

121 3832 195 3885 18·19
212 3833 328 3898 ἀνωτέρω
343 3830 422 3882 2460
518 3887 520 3890 ⁴

120 3958 183 4009 TIT
199 3958 215 4008 9
230 3955 377 4031 θάνατοςλτῇ
392 3960 463 4031 ψυχῇ
477 3957 494 4020 ἡ
508 3954 542 4014 είς
555 3955 583 4006 τό
599 3963 674 4020 σῶμα
687 3942 781 4027 πτῶσις
795 3956 817 4007 C
850 3934 853 3941 ⁴
872 3931 912 4008 ἶ26
928 3961 963 4018 τίς
981 3962 995 4010 ό
1010 3959 1071 4019 Ζεῦς
1087 3961 1130 4011 καί
1148 3962 1212 4021 τίνες

91 4037 114 4085 οἱ
131 4031 228 4084 δώδεκα
243 4027 330 4081 θεοίΟ
384 4047 386 4052 ’

122 4157 169 4208 Nc
192 4157 208 4207 θ
228 4156 293 4208 κατδι
315 4156 436 4221 μερισμόν
458 4151 493 4218 (ί)
556 4154 573 4204 8
597 4152 683 4219 φθίνει]
707 4158 796 4220 φθίνειν
821 4157 850 4207 Μ
914 4157 930 4207 9
954 4157 1029 4224 κατδι]
1052 4161 1094 4210 καί
1119 4160 1149 4210 Μ

90 4230 121 4281 10
136 4233 234 4282 ἐναντία
250 4244 256 4278 z
272 4227 397 4292 proxima
412 4225 495 4289 igitur
509 4223 607 4276 saltem
621 4239 717 4276 eorum
734 4240 797 4290 quae
814 4228 923 4280 codices
938 4231 1061 4293 praebenr
1077 4230 1213 4284 Platonici

89 4300 199 4367 legebat
220 4298 347 4350 Hermias
409 4298 438 4347 το
460 4296 551 4360 ἀμαθές
574 4294 606 4346 Μ’
666 4295 697 4347 13
715 4299 743 4348 τὸ
763 4311 817 4349 om.
843 4299 871 4348 Μ
935 4301 967 4352 16
990 4306 1004 4353 ὁ
1027 4303 1103 4353 rubr,
1124 4306 1149 4354 Α

89 4374 119 4425 17
137 4374 218 4424 αὐτῶν
234 4375 312 4421 Asr:
333 4368 410 4420 αὑτοῦ
427 4367 490 4418 libri
554 4367 626 4417 17-18
642 4372 827 4435 ἐπισκεψόμεθα
843 4372 871 4422 Μ
935 4372 1016 4424 19-20
1029 4381 1213 4443 μετεωροπολεῖ

91 4428 1045 4505 καωηωωωεωᾘωωωωωωωω
1109 4453 1211 4515 mm

91 4515 185 4566 om.M
245 4517 310 4572 τινός
323 4516 360 4561 ΑΙ
421 4509 452 4560 22
470 4509 614 4576 ἀναγωγῆς]
630 4521 778 4579 συναγωγῆς
793 4514 823 4564 Μ
887 4517 1042 4583 ἐξηγοῦνται]
1058 4522 1211 4586 έθηῖθθμὲίη

92 4590 129 4637 Α·
152 4590 153 4595 ’
190 4586 220 4637 23
236 4587 265 4637 το
283 4584 372 4648 νοητόν
391 4579 502 4632 ονοοίᾱ.
521 4580 549 4631 in
569 4585 603 4643 A,
619 4582 736 4645 spatium
751 4597 871 4636 vacuum
888 4588 1027 4651 reliquir'a
1089 4589 1125 4639 24·
1138 4586 1211 4658 αὐτὴ]

92 4659 154 4736 αὐτῇ
171 4659 198 4707 Μ
216 4657 282 4720 (iam
299 4658 454 4707 correxerat
471 4652 537 4719 Asr)
600 4653 632 4703 28
647 4656 689 4706 καὶ
708 4655 739 4709 τά
754 4659 865 4728 τέσσαρα
880 4660 1004 4731 στοιχεῖα]
1019 4659 1063 4723 τὰς
1077 4663 1098 4711 δ’
1118 4661 1146 4713 Μ
