3248 5512
370 464 401 516 1⁶
746 453 887 509 ΕΡΜΕΙΟΥ
908 450 1103 508 ΦΙΛΟΣΟΦΟΥ

292 615 341 682 [66]
367 608 451 680 αὐτῆς
466 616 515 680 τῆς
529 607 633 688 ρύσεως
647 609 678 666 τό
692 607 774 667 θεῖόν
791 611 862 669 ἐστιν
876 610 1053 691 δημιουργόν,
1069 609 1095 676 έξ
1117 610 1187 682 ύλης
1209 610 1280 668 ἀπαν
1298 609 1480 685 εἶδοποιουσα,

366 708 397 765 ού
420 709 496 779 ζητεῖ
516 708 729 788 προηγουμένως
751 709 832 774 ποίας
856 707 920 791 έοχε
945 711 992 774 τὰς
1016 710 1137 791 ἀρορμάς
1159 713 1176 780 ἡ
1204 709 1257 781 ύλη
1288 711 1333 767 καὶ
1360 705 1387 777 έξ
1413 710 1482 768 σέων

365 808 510 879 κινήσεων,
537 805 611 863 ἀλλὰ
637 808 704 888 πρὸς
730 814 808 865 ποῖον
834 808 913 872 τέλος
940 805 1148 878 ἐπιτηδειότητα
1176 803 1303 887 ἔσχηκεν
1329 807 1400 864 ούτω
1428 808 1481 888 γάρ

364 903 581 980 δοκιμαζομένης
605 906 674 961 κατὰ
693 905 756 970 τοὺς
779 905 863 977 αὐτῆς
886 904 986 984 λόγους
1007 905 1051 961 καὶ
1073 903 1222 968 εἰδοποιούς
1250 905 1381 984 ἀριθμούς
1402 903 1480 963 τελε-

318 1013 332 1062 5
364 1009 527 1082 σιουργεῖται
544 1003 574 1058 τδ
594 1000 779 1077 ἀποτέλεσμα·
794 1004 819 1059 τί
833 1004 884 1083 γάρ
898 1004 921 1061 εἷ
935 1004 966 1060 τδ
981 1001 1087 1082 σπέρμα
1108 996 1135 1068 ἐξ
1155 1003 1286 1084 ἀρορμῶν
1304 1003 1415 1082 ἀγαθῶν
1434 1004 1481 1060 καὶ

363 1099 507 1178 γενέσεων,
535 1099 600 1157 αύτὸ
623 1099 651 1157 δέ
675 1100 724 1157 ούκ
747 1098 817 1158 έστιν
841 1102 906 1181 πρὸς
930 1101 960 1157 τό
982 1097 1061 1165 τέλος
1084 1098 1187 1174 ε’ύοδον,
1212 1101 1282 1157 κατά
1301 1122 1359 1158 τινα
1379 1101 1481 1181 τρόπον

362 1196 583 1273 πλημμεληθέν;
609 1197 682 1257 Ἐπεὶ
702 1197 748 1256 ούν
771 1200 785 1256 ό
809 1199 857 1274 μέν
880 1198 1027 1279 Σωκράτης
1051 1202 1194 1270 ποιητικοῦ
1217 1197 1301 1276 λόγον
1321 1194 1391 1279 ἔχει,
1414 1200 1429 1254 6
1452 1196 1482 1254 δὲ

362 1295 481 1377 Φαῖδρος
505 1296 612 1369 ύλικοῦ,
637 1297 747 1360 εἰκότως
769 1297 983 1378 προηγουμένως
1006 1296 1122 1369 ἐζήτησε
1143 1297 1193 1367 την
1219 1296 1257 1361 εἶς
1282 1295 1361 1360 τέλος
1383 1296 1481 1368 έπιτη-

363 1393 501 1468 δειότητα,
518 1395 555 1458 ὡς
569 1393 600 1451 ἂν
620 1396 658 1468 μὴ
676 1399 871 1476 ματαιομοχθῇ
888 1393 918 1452 εἷ’
926 1417 978 1451 που
991 1395 1064 1474 παρά
1077 1416 1125 1450 του
1140 1393 1324 1470 ἐμποδίζοιτο,
1341 1394 1419 1465 Πλὴν
1433 1395 1480 1451 καὶ

301 1501 332 1553 10
363 1492 394 1549 τὸ
414 1493 513 1549 πόθεν
534 1491 665 1573 δευτέρως
682 1497 769 1566 ζητεῖ·
793 1493 854 1551 ούδέ
875 1495 926 1574 γὰρ
949 1499 1029 1551 τοῦτο
1052 1494 1158 1573 μικρόν·
1181 1492 1307 1573 ούδέγάρ
1322 1492 1436 1566 <ἃν>
1450 1493 1482 1550 έκ

362 1599 479 1670 πυρῆνος
500 1589 624 1667 ἀμπελος
645 1593 809 1669 βλαστήσειε
827 1592 949 1664 πώποτε,
972 1590 1034 1649 ούδέ
1053 1613 1084 1670 γε
1102 1591 1132 1648 έκ
1150 1592 1279 1672 γιγάρτου
1294 1589 1393 1673 δάρνη,
1416 1589 1481 1649 ἀλλ’

362 1687 475 1747 ’έκαστον
489 1689 519 1746 έκ
537 1695 592 1747 τῶν
608 1687 681 1747 έδέων
695 1691 790 1771 ἀρχῶν
805 1692 874 1747 κατὰ
888 1691 933 1747 τὸν
949 1689 1033 1768 λόγον
1048 1699 1097 1762 τῆς
1111 1691 1225 1770 ρύσεως,

405 1787 564 1867 Ἐρωτηθεὶς
588 1791 602 1845 6
627 1788 686 1852 νέος
712 1788 813 1861 διπλῆν
838 1791 888 1860 τὴν
915 1788 1045 1869 ἐρώτησιν
1073 1787 1173 1860 διπλῆν
1196 1790 1241 1845 καὶ
1265 1790 1315 1860 την
1340 1788 1481 1867 ἀπόκρισιν

273 1906 299 1958 p.
317 1894 348 1944 67
364 1883 474 1959 δέδωκε,
501 1886 575 1957 πλὴν
600 1886 630 1942 τὸ
665 1887 713 1961 μὶν
744 1888 909 1968 ραινόμενον
938 1888 1008 1943 κατὰ
1037 1886 1121 1958 ζῆλον
1150 1886 1296 1967 Ὁμηρικὸν
1324 1887 1483 1968 σαΙρηνεέας

302 1991 332 2043 15
363 1984 444 2065 χάριν
457 1985 556 2065 χιάσας
572 1984 656 2056 αὐτὴν
671 1985 749 2066 (πρὸς
763 1986 814 2064 γὰρ
829 1986 859 2042 τὸ
874 1986 973 2043 πόθεν
989 1985 1165 2058 ἀπήντησε...
1181 1986 1295 2042 κατὰτὸ

742 2121 851 2199 οἰμωγή
879 2143 908 2178 τε
935 2123 980 2177 καὶ
1007 2095 1180 2203 εὐχωλὴ...

682 2216 823 2277 ὀλλύντων
847 2241 878 2275 τε
901 2221 946 2275 καὶ
970 2216 1155 2300 ὀλλυμένων),

362 2345 393 2402 τδ
405 2343 433 2402 δέ
448 2345 596 2421 νοούμενον
609 2345 650 2402 ὅτι
663 2346 750 2405 έκεῖνο
764 2346 796 2418 δὴ
811 2349 841 2404 τό
854 2345 977 2428 δεύτερον
989 2349 1034 2404 καὶ
1048 2350 1063 2404 6
1079 2346 1161 2426 λόγος
1173 2345 1245 2404 οἶδεν
1257 2345 1479 2425 ἀναγκαιότερον,

363 2442 450 2501 όέστι
469 2445 500 2501 τδ
521 2450 569 2501 ποῖ
589 2445 751 2525 πορεύεται;
767 2444 914 2525 διετηρήθη
935 2451 1000 2524 γοῦν
1023 2446 1131 2525 ύστερον
1151 2445 1197 2502 ἵνα
1218 2443 1346 2520 ὑπανοέξη
1365 2449 1400 2520 τῇ
1420 2466 1480 2500 συν-

300 2554 331 2606 20
363 2543 440 2614 ουσέᾳ
461 2543 523 2607 τοὺς
547 2542 655 2620 λόγους·
680 2541 751 2601 ἴδιον
772 2542 801 2601 δὲ
821 2550 901 2601 τοῦτο
921 2546 966 2601 καὶ
985 2542 1176 2624 λογογράροις,
1195 2540 1280 2600 πλέον
1300 2542 1328 2600 δὲ
1346 2548 1403 2605 τοῖς
1423 2539 1483 2598 δια-

362 2640 484 2719 λογικοῖς
506 2643 550 2698 καὶ
566 2641 638 2716 αύτῷ
653 2639 791 2702 Πλάτωνι.
807 2640 844 2699 Ἢ
858 2641 964 2706 ἄλλως·
986 2648 1033 2699 τοῦ
1056 2642 1157 2699 πόθεν
1172 2640 1255 2719 λόγον
1269 2638 1378 2720 ἔχοντος
1394 2639 1477 2713 ύλης,

362 2743 409 2794 τού
432 2735 460 2794 δέ
479 2744 535 2795 ποῖ
557 2736 656 2810 εἷ’δους,
679 2738 824 2817 ἐπενέγκας
846 2745 885 2813 τῷ
904 2739 1005 2796 πόθεν
1025 2738 1056 2795 τὸ
1076 2745 1133 2796 ποῖ
1153 2735 1237 2804 ἔδειξε
1258 2739 1288 2794 τό
1304 2735 1376 2801 εἶδος
1401 2759 1478 2794 συνα-

362 2837 453 2914 γωγδν
476 2838 521 2893 καὶ
541 2839 674 2917 ὁριστικόν
696 2846 745 2910 τῆς
760 2836 829 2909 ύλης
852 2839 930 2896 εἶναι.
954 2839 1003 2894 Καὶ
1024 2839 1038 2893 6
1063 2837 1111 2912 μὲν
1135 2838 1281 2917 Σωκράτης
1304 2840 1349 2894 οἶα
1370 2836 1477 2912 ὑψηλὸς

361 2936 406 2990 καὶ
420 2934 565 3016 ριλόσορος
578 2935 608 2991 τὸ
629 2943 686 2992 ποῖ
707 2935 920 3015 προηγουμένως
937 2935 1064 3007 ἐζήτησεν
1084 2935 1122 2999 ὡς
1144 2934 1225 3007 εἶδος,
1242 2936 1256 2990 6
1276 2932 1305 2991 δέ
1319 2956 1351 3012 γε
1362 2932 1480 3013 Φαῖδρος

299 3042 330 3093 25
362 3031 460 3104 ἀτελὴς
477 3031 514 3089 ὢν
528 3035 572 3089 καὶ
587 3030 625 3089 ’έτι
644 3038 678 3109 τῇ
702 3033 828 3112 ῥητορεία
847 3033 990 3113 προσέχων
1008 3037 1041 3108 τῇ
1061 3039 1120 3096 ταῖς
1139 3038 1195 3089 τῶν
1216 3037 1334 3112 μερικῶν
1348 3031 1479 3111 πραγμά-

361 3151 415 3187 των
430 3130 508 3193 ύλαις
523 3130 655 3211 χρωμένη
670 3131 700 3187 τδ
714 3130 814 3188 πόθεν
829 3131 865 3195 ὡς
879 3128 949 3202 ύλην
963 3130 1129 3209 προέκρινεν.

403 3229 604 3308 Πορεύομαι]
618 3230 711 3308 Τριττό
733 3250 774 3293 τις
788 3227 938 3307 εὑρίσκεται
951 3231 969 3300 ἡ
984 3227 1136 3308 ἀπόκρισις,
1155 3231 1172 3300 ἢ
1191 3228 1240 3303 μέν
1255 3226 1399 3306 ἀναγκαία,
1416 3229 1434 3298 ἢ
1451 3223 1479 3283 δὲ

362 3325 560 3408 ριλάνθρωπος,
585 3329 602 3398 ἢ
624 3325 653 3383 δέ
671 3328 793 3406 περιττή·
817 3329 886 3384 οἷον·
910 3350 925 3381 ιι
947 3332 999 3383 πού
1021 3328 1036 3382 6
1058 3326 1146 3399 Λέων,
1161 3362 1200 3371 -
1215 3326 1264 3383 ούκ
1284 3321 1354 3383 ἔστιν
1376 3321 1477 3381 ῶδεηι

362 3425 509 3503 ἀναγκαῖον
523 3430 612 3481 τοῦτο·
631 3449 646 3480 ιι
660 3424 710 3481 ούκ
723 3420 792 3481 έστιν
812 3421 877 3496 ῶδε,
901 3423 965 3481 ἀλλ’
985 3423 1012 3482 έν
1031 3447 1065 3501 τη
1088 3421 1222 3504 διατριύῇ·
1247 3448 1262 3480 υ
1284 3429 1362 3481 τοῦτο
1384 3422 1480 3504 ριλάν-

302 3531 333 3583 30
363 3527 481 3603 θρωπον·
500 3547 514 3580 «
530 3523 580 3580 ούκ
593 3519 662 3580 ’ἐστιν
675 3522 740 3596 ὦδε,
757 3521 821 3581 ἀλλ’
837 3522 910 3598 έντῇ
927 3519 1049 3603 διατριύῇ
1065 3525 1188 3595 ποιήσων
1201 3524 1231 3580 τό
1250 3524 1296 3579 καὶ
1309 3523 1350 3579 τό·
1368 3545 1383 3577 υ
1399 3526 1478 3578 τοῦτο

362 3622 493 3702 περιττόν.
509 3623 544 3679 Τὸ
563 3627 629 3700 γοῦν
647 3622 748 3679 πόθεν
767 3621 916 3700 ἀναγκαίαν
937 3623 1004 3698 [καὶ]
1027 3622 1114 3697 μόνην
1134 3617 1198 3703 έσχε
1216 3624 1265 3693 τὴν
1281 3621 1431 3700 ἀπόκρισιν,
1447 3620 1478 3679 τὸ

394 3833 426 3885 16
442 3835 464 3884 Θ
480 3832 552 3884 61-65

394 3960 644 4019 ΝΟῙάπαςΑἼΜ*
708 3960 1047 4028 2άρορμᾶςακαὶοω,Μ
1112 3962 1478 4015 4καὶ-6έοτινοω.ΜΒ

365 4032 421 4098 {qui
440 4033 469 4082 in
488 4033 611 4098 margine
624 4032 751 4096 praebet:
771 4032 847 4082 deest
870 4032 969 4099 qar'dI:
990 4035 1050 4085 haec
1071 4034 1157 4085 verba
1176 4034 1205 4083 in
1223 4036 1248 4084 Α
1269 4034 1370 4085 lineam
1393 4046 1479 4084 unam

364 4105 532 4157 constituunt
593 4106 608 4153 I
634 4103 784 4169 εόδοποιούς]
813 4107 1030 4171 εόδοποιουμένους
1060 4109 1084 4154 Α
1107 4108 1144 4168 (v.
1176 4106 1290 4156 Scflruz
1312 4106 1342 4155 in
1366 4105 1480 4156 Hermoe

364 4178 419 4228 vol.
434 4176 526 4228 XVIII
538 4191 567 4241 p.
586 4177 640 4239 132)
703 4176 760 4227 716
774 4181 945 4242 πλημμεληθέν
960 4180 1028 4236 Aur,
1043 4178 1091 4240 qui
1108 4177 1203 4229 deesse
1222 4177 1324 4229 lineam
1341 4190 1396 4227 non
1416 4189 1479 4228 sen-

364 4256 436 4300 serat
497 4247 551 4313 ούν]
565 4251 627 4314 γοῦν
642 4248 670 4297 Μ
734 4247 820 4314 λόγον]
834 4251 911 4314 λόγου
927 4249 954 4297 Μ
1019 4248 1125 4314 9παρά
1143 4249 1197 4314 του]
1222 4251 1280 4316 παρ’
1295 4248 1371 4300 αύτοῦ
1386 4249 1414 4298 Μ

365 4320 395 4370 10
409 4319 439 4372 ἂν
453 4319 545 4370 addidi
609 4319 637 4370 11
652 4332 749 4385 γεοω.
764 4319 792 4368 Μ
857 4320 885 4370 13
900 4323 1037 4387 ἐρωτηθεὶς,
1053 4320 1152 4372 Irubr.
1170 4324 1205 4379 Α,
1221 4321 1251 4371 in
1271 4321 1394 4386 margine
1411 4319 1479 4371 stel-

364 4391 422 4442 lula
440 4392 522 4442 rubro
541 4390 648 4455 depicta
710 4390 741 4442 15
758 4389 859 4458 χιάσας]
874 4394 964 4459 σχίσας
981 4393 1039 4442 Aur
1101 4397 1162 4455 post
1180 4392 1307 4456 ἀπήντησε
1326 4394 1422 4444 deesse
1436 4392 1479 4442 ri-

365 4462 465 4514 dentur
484 4463 569 4514 verba
592 4464 620 4514 τὸ
645 4463 714 4530 παρὰ
736 4464 843 4523 Λυσίου,
867 4463 920 4512 nisi
943 4475 975 4512 ea
1005 4469 1098 4515 mente
1121 4464 1267 4516 subaudire
1286 4463 1416 4515 malueris

365 4532 396 4583 22
416 4532 558 4600 ἐπενέγκας]
582 4533 702 4600 ἐπήνεγκε
723 4534 750 4583 Μ
815 4533 846 4584 26
859 4532 930 4598 ύλην]
954 4534 1000 4599 ύλη
1024 4536 1052 4584 Μ
1078 4535 1147 4598 (jam
1170 4541 1326 4587 correxerat
1348 4536 1414 4597 Αετ)

365 4603 395 4654 27
410 4603 558 4672 πορεύομαι,
574 4625 592 4656 π
604 4605 678 4655 rubr.
694 4608 733 4655 A:
748 4618 802 4656 om.
817 4605 844 4655 M
909 4608 993 4669 ηοω.
1010 4606 1038 4656 Μ
1102 4606 1132 4658 31
1144 4608 1187 4658 καὶ
1200 4605 1301 4658 seclusi
