3248 5512
628 671 873 721 rnonceonsns
1267 689 1311 722 m
1408 664 1409 667 ’

194 836 370 895 indicandis
412 836 551 895 codicum
580 836 808 895 Platonicorum
849 837 943 895 variis
976 836 1161 894 lectionibus
1203 835 1311 893 iisdem

194 943 306 1002 litteris
322 964 411 1002 usum
428 964 497 1002 esse
512 944 625 1022 quibus
640 942 777 1001 Scsnnz.

236 1052 282 1110 De
298 1053 392 1111 rebus
408 1049 657 1130 orthographicis
672 1070 827 1130 perpauca
841 1051 994 1119 adnotavi,
1009 1052 1046 1108 de
1063 1073 1075 1114 ς
1091 1050 1121 1108 in
1136 1069 1211 1107 voce
1224 1050 1311 1112 οὕτως

193 1159 241 1216 vel
269 1160 307 1216 de
331 1182 344 1214 v
368 1159 451 1237 quod
477 1157 591 1216 dicitur
614 1157 845 1237 ephelcysticon
871 1157 974 1215 addito
1007 1155 1055 1214 vel
1080 1156 1196 1214 omisso
1218 1155 1309 1214 nihil:

193 1265 376 1343 plerumque
388 1265 418 1321 in
430 1264 469 1322 iis
484 1264 621 1323 codicem
638 1263 800 1322 Aseeutus
813 1284 891 1321 sum.
917 1298 956 1308 -
982 1263 1142 1322 Admoneo
1158 1263 1189 1320 in
1203 1276 1311 1322 nostro

194 1372 300 1430 codice
320 1384 456 1429 renutum
473 1390 627 1448 nunquam
653 1370 855 1449 adscriptum,
876 1390 1006 1449 perraro
1026 1369 1238 1449 subscriptum
1260 1370 1308 1427 in·

193 1478 302 1535 veniri.
318 1477 484 1535 —Eorum
502 1497 569 1555 quae
585 1477 621 1533 nd
637 1488 794 1534 accentum
810 1477 965 1556 pertinent
976 1475 1174 1535 notabiliora¹
1192 1488 1308 1535 tanturn

194 1586 325 1645 indicavi
342 1586 444 1664 (atque
460 1606 486 1643 e.
505 1605 535 1664 g.
553 1605 621 1642 cum
638 1584 664 1641 A
680 1604 804 1664 semper
819 1583 920 1649 ὁπαδός
941 1582 1087 1662 scripsi);
1107 1584 1138 1642 in
1158 1584 1310 1642 enclitieis

193 1717 254 1754 non
271 1696 419 1770 codicem,
438 1696 492 1753 sed
513 1714 629 1752 morem
649 1707 773 1753 secutus
794 1716 871 1753 sum.
891 1730 927 1738 -
945 1693 978 1753 ln
995 1697 1109 1768 Indice,
1123 1694 1309 1773 scriptorum

193 1802 279 1861 iocos
295 1804 332 1860 ab
350 1801 474 1860 Hermia
490 1802 629 1859 laudatos
645 1802 800 1880 congessi.

224 2021 246 2067 1.
265 2020 374 2068 Leviora
393 2028 490 2075 tomen,
506 2019 617 2082 exempli
635 2019 732 2083 gratio,
752 2038 767 2067 n
784 2037 811 2084 p.
827 2022 855 2068 81
879 2020 1007 2084 usquead
1023 2037 1049 2084 p.
1070 2020 1123 2078 163,
1144 2035 1174 2066 ex
1204 2018 1312 2066 ndnotn·

193 2091 312 2140 tionibus
328 2108 394 2154 quos
414 2091 479 2138 mihi
495 2093 524 2140 A.
540 2091 623 2138 Jacob
639 2093 864 2155 suppeditaverat,
878 2092 1019 2156 diligenter
1032 2091 1121 2139 notovi
1137 2092 1174 2152 (L.
1189 2091 1240 2150 Β.).
