3248 5512
650 445 896 496 PROLEGOMENA
1278 459 1332 492 xvu

217 611 351 687 pexeris,
369 611 489 670 videbis
505 632 542 670 ex
558 626 643 698 tauto
658 633 787 671 numero
803 612 916 672 nullam
924 624 1025 670 tamen
1040 610 1151 669 editori
1164 609 1334 668 molestiam

215 716 310 774 nasci.
325 717 549 778 Praetermissis
565 720 645 778 enim
662 720 871 791 codicibusH,
887 719 953 795 h‚J‚
970 718 1007 790 K,
1031 739 1062 789 n,
1080 718 1118 789 Ο,
1134 716 1166 790 S,
1186 717 1221 786 T,
1241 716 1278 786 U,
1295 716 1332 789 X,

215 823 252 897 Y,
270 825 303 896 Z,
317 827 355 885 dc
371 827 485 906 quibus
500 829 678 908 percontari
695 828 768 886 mihi
780 847 882 906 operae
897 827 1030 906 pretium
1053 845 1114 884 non
1139 845 1208 883 esse
1233 823 1335 882 visum

214 948 272 1002 est,
291 956 432 1014 quosque
447 957 537 996 nemo
550 938 609 996 erit
623 936 676 1017 qui
688 940 853 997 contendat
877 938 1065 1017 quantulivis
1095 938 1240 996 momenti
1266 957 1335 996 esse

214 1041 245 1099 in
259 1054 343 1102 textu
359 1045 570 1103 commentarii
598 1046 696 1103 nostri
713 1047 915 1119 recensendo,
930 1065 1010 1104 nunc
1026 1046 1063 1102 22
1084 1045 1207 1103 codices
1224 1064 1336 1124 super-

215 1164 296 1209 sunt.
313 1151 359 1210 Ex
374 1152 487 1231 quibus
503 1154 540 1212 de
557 1152 584 1210 D
602 1165 631 1211 et
647 1152 670 1210 E
693 1153 809 1212 nullum
834 1155 959 1213 dubium
983 1154 1057 1233 quin
1081 1154 1232 1233 originem
1257 1173 1294 1211 ex
1310 1153 1336 1212 A

215 1262 337 1331 ducant,
355 1262 448 1339 idque
461 1263 516 1320 tibi
533 1283 569 1320 ex
585 1263 693 1341 quavis
716 1264 880 1322 lectionum
906 1284 984 1342 quas
1009 1283 1044 1322 ex
1065 1265 1103 1322 iis
1123 1264 1209 1323 attuli
1224 1283 1336 1342 appro-

215 1368 313 1431 babis.
340 1368 385 1426 De
401 1367 437 1445 L,
455 1369 475 1438 l,
488 1368 506 1425 l‘
522 1369 592 1427 vide
612 1390 679 1448 quae
700 1370 762 1428 dixi
788 1390 882 1449 supra
898 1383 927 1429 et
947 1391 1014 1449 quae
1029 1370 1103 1429 mihi
1119 1370 1248 1429 contulit
1267 1369 1336 1428 Pis-

214 1473 289 1531 telli.
308 1472 440 1533 Codices
457 1475 481 1532 B
499 1474 541 1552 (et
555 1475 602 1554 F),
618 1473 641 1532 C
655 1475 696 1553 (et
712 1474 894 1548 C¹i‚deinde
906 1475 945 1545 G,
962 1475 992 1533 M
1010 1475 1052 1553 (et
1064 1477 1117 1555 m),
1137 1478 1162 1537 P
1178 1475 1218 1553 (et
1232 1495 1264 1553 p,
1279 1474 1334 1553 ρ’),

214 1580 347 1658 denique
363 1582 526 1660 separatim
544 1581 568 1648 l,
586 1581 624 1653 N,
642 1581 669 1639 R
689 1582 730 1660 (et
746 1583 785 1658 r),
802 1599 910 1640 ornnes
926 1601 942 1637 a
957 1578 983 1636 V
1000 1581 1063 1659 (aut
1077 1580 1107 1658 v)
1125 1577 1173 1637 vei
1188 1577 1273 1635 nullo
1287 1576 1336 1635 vel

214 1708 275 1747 uno
293 1691 340 1747 vel
367 1690 510 1769 pluribus
527 1689 697 1770 interjectis
721 1689 913 1769 antigraphis
935 1688 1125 1747 descendere
1149 1684 1212 1764 jam
1243 1703 1337 1763 supra

213 1796 455 1856 demonstratum
471 1810 528 1859 est.
542 1796 618 1855 Mihi
634 1797 758 1856 codices
774 1795 949 1854 Marcianos
961 1796 1102 1853 conterre
1117 1812 1179 1851 non
1195 1790 1335 1870 contigit.

215 1900 276 1962 Sed
292 1923 360 1961 cum
389 1923 478 1962 nemo
502 1924 602 1982 neque
632 1901 818 1973 dubitaverit
841 1921 941 1980 neque
968 1900 1110 1960 dubitare
1139 1897 1240 1977 possit
1262 1896 1337 1975 quin

214 2029 320 2068 eorum
342 2011 521 2093 apographa
542 2010 578 2083 B,
596 2009 620 2069 C
646 2024 676 2070 et
689 2011 731 2087 M,
750 2031 812 2070 non
831 2011 955 2069 aliunde
980 2009 1132 2087 originem
1148 2009 1261 2066 ducant
1276 2005 1337 2063 nisi

214 2138 250 2175 cx
266 2118 413 2178 codiceA
437 2120 533 2198 (quod
554 2120 747 2178 manifestum
767 2139 918 2198 apparere
939 2117 1061 2177 videbis
1078 2116 1129 2174 ubi
1150 2135 1239 2174 unam
1264 2134 1337 2172 nos-

215 2239 268 2284 trae
293 2226 438 2284 editionis
469 2227 612 2305 paginam
638 2226 837 2306 inspexeris),
866 2237 962 2284 restat
977 2223 1130 2283 utVetv
1154 2235 1184 2281 et
1203 2222 1224 2279 ii
1252 2221 1336 2279 aba

215 2335 415 2393 descendant.
434 2334 550 2414 Reipsa
575 2336 670 2415 igitur
682 2337 779 2394 codex
809 2335 970 2393 Parisinus
1001 2336 1078 2393 1810
1100 2333 1234 2391 omnium
1261 2331 1336 2390 Her·

215 2441 385 2499 mianorum
397 2441 537 2500 codicum
553 2442 741 2521 archetypus
752 2454 799 2500 est
814 2441 974 2501 habendus
992 2465 998 2498 :
1016 2441 1100 2519 quod
1120 2453 1227 2498 noster
1245 2458 1335 2519 appa·

215 2560 299 2606 ratus
315 2548 452 2618 criticus,
472 2560 506 2606 ut
521 2568 625 2626 spero,
648 2549 737 2607 etiam
753 2549 808 2608 tibi
833 2548 948 2607 certius
975 2547 1075 2617 saciet,
1093 2548 1184 2605 modo
1210 2547 1242 2605 in
1264 2566 1337 2626 per-

214 2655 382 2732 pensandis
394 2654 578 2714 lectionibus
593 2654 650 2714 hoc
667 2655 855 2726 memineris,
873 2675 938 2714 eam
952 2674 1021 2713 esse
1037 2653 1154 2713 codicis
1169 2653 1195 2710 Α
1216 2674 1336 2712 manum

215 2777 247 2822 ut
268 2785 363 2823 ecum
378 2787 409 2835 η,
432 2789 449 2836 η
467 2784 534 2823 cum
551 2749 565 2820 a
587 2765 758 2844 saepissime
776 2765 922 2823 contundi
944 2765 1088 2843 possint;
1112 2764 1222 2823 deinde
1244 2763 1338 2822 multa

213 2869 372 2950 verbajam
384 2891 451 2929 cum
467 2871 567 2951 prima
574 2871 752 2950 apographa
759 2871 916 2950 descripta
927 2884 998 2929 sunt
1008 2871 1171 2956 evanuisse
1184 2894 1191 2942 ;
1203 2870 1337 2949 denique

215 2996 434 3056 nonnunquam
449 2979 488 3057 (e.
505 2998 539 3057 g.
567 2978 615 3047 16,
633 2978 672 3049 4;
695 2980 763 3048 159,
776 2979 827 3057 26)
846 2980 940 3039 verba
961 2998 978 3037 a
994 2979 1106 3039 ceteris
1125 2979 1241 3038 omissa
1264 2977 1338 3038 ina

213 3103 303 3142 unam
316 3083 427 3143 lineam
438 3085 642 3148 constituere.

255 3191 405 3252 Codicum
421 3193 478 3253 hoc
494 3205 621 3252 stemma
644 3197 774 3265 conieci,
794 3198 878 3274 quod
892 3217 953 3254 non
968 3217 1074 3256 verum
1091 3218 1160 3257 esse
1176 3200 1231 3258 sed
1254 3198 1338 3257 veri-

214 3299 404 3359 simillimum
420 3304 583 3361 contendo.
