3150 5504
300 498 331 547 44
678 487 820 538 ΕΡΜΕΙΟΥ
842 487 1039 538 ΦΙΛΟΣΟΦΟΥ

221 647 270 713 [811
346 636 392 717 μ6’
417 640 476 699 Καὶ
501 640 553 698 σοὶ
576 639 654 722 έγώ]
678 640 736 699 235
761 639 800 704 D.

340 785 375 842 Τό
392 784 440 860 μὶν
456 782 605 863 λεγόμενον
619 789 753 841 τοιοῦτον·
771 785 801 840 οί
820 783 913 842 έννέα
932 782 1095 865 ἄρχοντες
1114 783 1177 863 παρ’
1203 781 1353 857 Ἀθηναίοις
1367 785 1383 842 ό
1393 809 1424 844 τε

301 883 480 963 πολέμαρχος
493 882 538 939 καί
554 884 568 938 ό
584 880 711 959 βασιλεὺς
726 883 772 938 καὶ
788 883 802 938 ό
815 881 957 957 ἐπώνυμος
970 887 1019 938 τοὺ
1034 882 1155 939 ἐνιαυτοῦ
1164 884 1209 939 καί
1219 886 1244 939 οί
1255 881 1424 959 θεσμοθέται

301 978 361 1037 κατ’
379 980 499 1037 ἐνιαυτόν
513 980 704 1054 καθιστάμενοι
719 977 827 1055 ὤμνυον
840 977 926 1054 μηδὲν
933 981 1005 1059 παρὰ
1013 979 1044 1036 τό
1052 981 1131 1060 όρθὸν
1141 978 1251 1060 πρᾶξαι·
1261 983 1284 1039 εί
1295 980 1323 1039 δὲ
1331 1004 1424 1063 ρωρα·

256 1087 270 1135 5
303 1080 393 1142 θέντες
408 1074 515 1159 ἔτυχον,
530 1085 569 1152 τῷ
584 1076 738 1135 ’Λπόλλωνι
754 1076 797 1159 [ἐκ
811 1075 973 1159 καταδίκης]
994 1078 1021 1135 έν
1041 1077 1157 1159 Δελφοῖς
1177 1078 1300 1155 ἔπεμπον
1315 1090 1421 1163 χρυσῆν

304 1177 405 1250 είκόνα,
423 1176 465 1233 ἐπὶ
482 1175 615 1253 καταδίκῃ
633 1177 682 1251 μἐν
698 1183 746 1233 τοῦ
762 1174 905 1257 ἀρχοντος,
919 1179 1097 1256 χαριστήριον
1112 1175 1140 1234 δέ
1154 1183 1194 1253 τῷ
1207 1176 1269 1253 θεῷ
1284 1182 1357 1260 παρά
1369 1189 1421 1252 τῆς

302 1274 421 1339 πόλεως.
438 1275 589 1333 Δίνίττεται
604 1274 633 1332 δὲ
648 1273 691 1332 διά
703 1274 800 1332 τούτου
813 1273 854 1330 ότι
871 1298 886 1330 ιι
901 1273 946 1331 ἐάν
960 1297 1007 1350 μοι
1018 1276 1153 1333 καλλίονα
1166 1282 1213 1334 τοῦ
1226 1279 1323 1335 Λυσίου
1337 1277 1423 1358 λόγου

303 1373 389 1431 ἀλλον
406 1373 499 1451 εἴπῃς,
514 1381 567 1431 πᾶν
581 1375 612 1431 τό
628 1375 759 1432 εἰκονικὸν
773 1374 818 1430 καί
832 1372 950 1454 ἐμφανὲς
966 1379 1013 1430 τοὺ
1028 1373 1133 1448 κόσμου
1146 1374 1251 1439 κάλλος
1265 1369 1355 1452 ἐξάψω
1369 1385 1422 1449 τῆς

302 1471 422 1544 ἡλιακῆς
438 1473 563 1553 σφαίρας·
578 1496 592 1526 ο
610 1475 636 1529 οί
653 1473 704 1552 γάρ
720 1472 819 1552 Δελφοί
832 1473 908 1543 καὶὴ
924 1472 1004 1528 Πυθὼ
1019 1468 1159 1547 σὺμόολόν
1175 1473 1230 1530 ἐστι
1241 1481 1291 1546 τῆς
1304 1474 1423 1546 ἡλιακῆς

241 1576 272 1628 10
303 1570 430 1651 σφαίρας.
451 1576 535 1627 Τοῦτο
553 1568 599 1626 οὑν
619 1567 702 1642 δηλοῖ
721 1570 763 1626 ότι
782 1571 813 1626 τὸ
833 1567 987 1641 ἐπιτήδειον
1007 1570 1045 1634 τίς
1063 1569 1266 1645 κατακόσμησιν
1281 1571 1348 1651 όπερ
1367 1572 1422 1630 ἐστίΙ

302 1670 333 1726 τό
348 1667 526 1744 πλημμελῶς
540 1668 711 1744 κινούμενον,
728 1668 936 1742 ἀνατεινόμενον
952 1666 994 1724 ἐπὶ
1010 1669 1056 1724 τὸν
1075 1669 1201 1749 χορηγὸν
1219 1674 1268 1725 τοὺ
1286 1669 1421 1743 κάλλους,

303 1768 332 1832 ός
346 1767 443 1824 έστινό
460 1764 590 1844 βασιλεὺς
603 1765 685 1836 ἥλιος
705 1766 731 1822 ἐν
745 1769 768 1841 ᾦ
782 1768 826 1822 καί
846 1768 860 1822 ό
880 1764 1035 1839 Ἀπόλλων,
1058 1766 1177 1824 έντεὺθεν
1196 1774 1420 1842 κατακοσμεῖται.

304 1871 378 1925 Πῖσα
396 1865 446 1943 γὰρ
465 1867 482 1935 ἡ
503 1864 605 1942 γένεσις
622 1864 667 1919 καὶ
688 1866 702 1920 ό
721 1865 847 1936 αἰσθητός
866 1864 981 1941 κόσμος,
1004 1865 1032 1929 ός
1051 1864 1122 1921 ἐστιν
1141 1866 1220 1923 εἰκὼν
1240 1872 1287 1923 τοῦ
1309 1871 1420 1938 νοητοῦ,

302 1963 465 2021 καλλὺνεται
485 1964 530 2021 καί
551 1963 740 2041 λαμπρύνεται
762 1963 791 2019 ἐκ
812 1969 859 2020 τοῦ
881 1962 1013 2020 δεσπότου
1034 1963 1125 2035 ἡλίου.
1145 1999 1184 2008 -
1205 1967 1239 2022 Τὸ
1262 1963 1290 2021 δὲ
1312 1966 1423 2040 ίσομέ·

240 2067 271 2118 15
302 2084 424 2142 τρητον
444 2059 536 2132 ἐπειδὴ
558 2060 709 2135 ὁμοιότητά
727 2082 786 2117 τινα
805 2057 864 2141 ἐ’χει
881 2063 912 2118 τὸ
933 2061 1047 2141 ἐμιρανές
1065 2064 1109 2118 καὶ
1129 2063 1159 2118 τὸ
1175 2065 1305 2121 εἰκονικὸν
1319 2062 1423 2128 κάλλος

302 2162 370 2240 πρὸς
388 2160 418 2216 τὸ
439 2161 537 2232 νοητὸν
556 2160 600 2216 καί
621 2161 679 2216 οἷον
699 2158 759 2215 ἰ’σον
778 2159 849 2216 ἐστὶν
869 2159 943 2234 αὑτῷ
960 2161 1027 2217 κατά
1046 2160 1205 2239 ἀναλογίαν·
1219 2161 1251 2218 οὑ
1266 2162 1317 2240 γὰρ
1332 2163 1421 2238 πάντη

304 2258 475 2339 ἀπέσχισται.

345 2409 404 2489 μγ’.
431 2411 489 2467 Καὶ
513 2416 579 2466 τῶν
603 2410 660 2486 μὲν
682 2409 845 2466 τοιούτων
869 2407 905 2464 οὑ
928 2409 986 2479 τὴν
1011 2405 1155 2489 εὑρεσιν]
1181 2406 1238 2466 236
1263 2406 1300 2471 Α.

342 2557 483 2609 Τοιαὺτα
513 2552 562 2626 μὲν
584 2551 630 2607 καὶ
659 2550 819 2607 τοιοὺτων
847 2549 923 2628 λέγει
945 2550 1090 2629 <περί>
1114 2556 1170 2607 τῶν
1194 2550 1357 2627 ἀναγκαίων,
1384 2550 1423 2605 ὧν

241 2663 272 2714 20
302 2651 388 2732 χωρίς
409 2649 440 2706 οὑ
462 2649 570 2707 δυνατὸν
591 2650 670 2707 εἶναι.
686 2648 752 2728 Τρία
767 2648 818 2726 γάρ
838 2646 893 2704 ἐστι
914 2652 1007 2703 ταῦτα·
1030 2648 1175 2726 ἀναγκαῖα,
1192 2649 1293 2727 αἰρετά,
1310 2647 1422 2727 φευκτά.

197 2753 289 2804 θ’θθν·
303 2750 339 2805 T&
365 2749 413 2825 μέν
436 2746 483 2805 οὑν
505 2748 603 2828 ρευκτά
618 2746 649 2803 οὑ
666 2746 836 2824 βουλόμεθα·
859 2747 893 2803 τά
912 2743 940 2801 δὲ
957 2747 1050 2825 αίρετά
1069 2748 1155 2826 εὑρεῖν
1174 2747 1179 2825 Ι
1200 2745 1359 2824 βουλόμεθα
1379 2747 1424 2801 καί

304 2847 428 2925 εὑρόντες
441 2848 560 2926 χρῆσθαι
575 2845 667 2908 αὑτοῖς
683 2843 811 2907 δεόντως·
828 2845 861 2901 τά
876 2842 904 2900 δὲ
919 2844 1053 2922 ἀναγκαῖα
1075 2837 1102 2909 ἐξ
1120 2845 1239 2923 ἀνάγκης
1258 2839 1361 2924 ἐ’χομεν
1380 2845 1425 2900 καί

304 2945 334 3002 οὑ
354 2943 489 3020 δυνάμεθα
509 2946 547 3018 μὴ
566 2941 662 3001 θέλειν
682 2943 759 2999 αὑτά·
782 2940 822 2999 διὸ
842 2941 873 2998 οὑ
892 2942 1056 3022 μεμρόμεθα
1074 2944 1120 2999 τὸν
1140 2941 1239 3023 ἔχοντα
1254 2942 1332 3013 αὑτά,
1349 2940 1424 2999 ἀλλά

304 3044 350 3099 τόν
365 3047 454 3105 κακῶς
470 3040 560 3105 αὑτοῖς
575 3040 720 3120 χρώμενον
734 3041 780 3096 καὶ
795 3045 886 3104 κακῶς
901 3036 1051 3096 διατιθέντα
1066 3039 1144 3111 αὑτά,
1161 3042 1219 3097 οἷον
1238 3043 1288 3111 τὴν
1307 3042 1421 3119 τροφήν·

241 3153 272 3203 25
304 3142 334 3197 τὸ
355 3139 383 3197 δὲ
402 3139 537 3220 συμρέρον
556 3145 674 3209 εαυτοῑς,
690 3137 811 3194 τουτέστι
830 3140 860 3194 τὸ
881 3138 999 3216 αἱρετὸν,
1020 3139 1065 3194 καὶ
1082 3140 1171 3217 εὑρεῖν
1185 3136 1311 3212 θέλομεν
1330 3139 1375 3194 καί
1393 3137 1423 3195 εὖ

304 3241 422 3320 χρῆσθαι
443 3237 527 3312 αὑτῷ·
550 3237 594 3293 καὶ
615 3237 661 3292 τόν
684 3235 710 3292 ἐν
732 3242 788 3300 τοῖς
809 3236 989 3315 ἁπόροις,καὶ
1010 3234 1146 3317 χαλεποῖς
1168 3241 1250 3292 τοῦτο
1274 3233 1423 3310 δυνάμενον

303 3343 392 3394 ποιεῖν
407 3335 508 3416 σφόδρα
523 3335 695 3409 έπαινοὺμεν,
713 3336 751 3398 ὡς
769 3335 816 3391 τόν
832 3356 863 3412 γε
882 3336 919 3410 μὴ
935 3335 1100 3413 εὑρίσκοντα,
1117 3335 1134 3405 ἢ
1152 3335 1265 3413 εὑρόντα
1281 3339 1372 3396 κακῶς
1394 3331 1424 3390 δὲ

303 3435 461 3516 χριόμενον,
477 3434 546 3490 πάνυ
559 3433 719 3509 κακίζομεν.
744 3433 934 3512 «Ἀναγκαῖον
956 3432 1002 3490 οὑν
1024 3433 1085 3490 ἐστι·
1100 3434 1145 3511 καὶ
1165 3428 1238 3507 ἐμοὶ,
1260 3432 1356 3504 Λυσία,
1376 3432 1423 3488 καὶ

335 3651 402 3703 201.
413 3651 499 3702 schol.
514 3650 561 3702 235
576 3651 599 3700 D
615 3653 651 3716 (p.
667 3648 714 3700 266
730 3651 836 3711 Herm.)

336 3784 396 3835 ΤΙΤ
412 3784 428 3836 2
444 3803 485 3847 ση.
501 3784 545 3842 τάς
559 3787 584 3834 έν
601 3783 719 3848 Ἀθήναις
734 3782 814 3850 ἀρχάς
830 3782 851 3832 C

336 3918 383 3968 Nc
400 3920 413 3968 1
430 3919 482 3978 καί,
496 3937 511 3967 κ
524 3918 598 3967 rubr.
614 3920 638 3968 A
701 3917 717 3966 2
731 3917 794 3983 παρ’
816 3917 989 3980 ’Λθηναίοις...
1014 3915 1028 3964 3
1042 3918 1186 3980 θεσμοθέται
1200 3928 1254 3966 om.
1272 3915 1358 3966 schol.

304 3992 376 4042 θεοῦ
391 3993 505 4041 ἐνιαυτοῦ
521 4002 575 4039 om.
592 3988 621 4037 M
684 3988 821 4052 4μηδὲν...
841 3985 943 4055 πρᾶξαιΙ
964 3987 997 4051 μὴ
1016 3987 1204 4054 παρανομήσειν
1225 3987 1309 4037 schol.
1369 3988 1423 4037 εἰ...

304 4058 429 4128 ὑέτυχον]
445 4063 466 4111 εί
480 4061 506 4112 δὲ
521 4064 655 4126 φωραθεῖεν
672 4060 758 4110 schol.
823 4057 854 4124 εί]
869 4063 895 4110 οἳ
910 4060 937 4108 Μ
1002 4061 1017 4109 5
1034 4063 1061 4110 έκ
1075 4060 1211 4122 καταδίκης
1225 4067 1259 4125 τῷ
1278 4060 1424 4110 Ἀπόλλωνι

304 4136 408 4195 πέμπειν
425 4134 510 4183 είκόνα
529 4141 625 4199 χρυσῆν
643 4131 728 4182 schol.
746 4136 774 4182 έκ
793 4134 880 4182 καταδ.
901 4129 1004 4181 seolusi
1066 4131 1081 4179 7
1096 4138 1139 4193 τῆς
1153 4127 1258 4193 πόλεως]
1279 4131 1423 4193 ’Λθηναίων

305 4203 389 4253 schol.
455 4203 485 4253 12
501 4197 532 4271 ᾧ]
548 4212 584 4270 νῷ
605 4204 632 4253 M
699 4203 728 4252 16
744 4200 802 4254 ίσον
819 4206 843 4252 Α
907 4200 938 4252 18
953 4205 1036 4262 καί,κ
1055 4202 1129 4251 rubr.
1146 4205 1170 4251 Α
1234 4201 1264 4249 19
1277 4210 1326 4251 τῶν
1342 4203 1424 4266 ἀναγ-

304 4273 393 4339 καίων]
408 4277 535 4342 ἀναγκαῖα
555 4276 582 4324 Μ
598 4277 654 4341 περὶ
668 4273 761 4323 addidi
774 4286 809 4323 ex
823 4274 909 4324 schol.
933 4274 979 4323 '236
1000 4277 1024 4323 A
1050 4277 1085 4336 (p.
1106 4274 1152 4324 266
1170 4273 1206 4333 H)
1270 4272 1302 4321 20
1316 4274 1422 4323 δυνατόν

304 4345 514 4412 <τὺνλόγον>ί
577 4344 638 4410 έσιι]
653 4348 701 4396 είσι
718 4344 746 4393 Μ
809 4345 839 4395 21
857 4345 948 4411 εὑρεῖν]
965 4349 1043 4412 αἱρεῖν
1059 4345 1087 4394 Μ
1151 4344 1182 4393 22
1199 4345 1289 4411 ἔχομεν
1304 4343 1421 4407 scripsi:

304 4420 411 4485 ἔσχομεν
426 4418 487 4468 libri
550 4419 581 4469 27
598 4418 641 4482 μὴ]
663 4419 711 4484 μὴν
731 4419 757 4467 Μ
775 4432 782 4467 :
803 4418 846 4482 μέν
865 4420 923 4468 As?
986 4416 1297 4479 28καίΛυσίαΜ(ἕστι
1315 4419 1359 4465 καί
1380 4434 1424 4479 μοι

305 4495 389 4542 Λυσία
413 4490 454 4555 Β).
483 4491 515 4540 In
541 4491 646 4541 scholio
671 4490 798 4554 legitur:
823 4485 878 4541 οἷον
909 4490 1047 4555 ἀναγκαῖόν
1075 4493 1126 4540 ἐστι
1152 4490 1204 4539 καὶ
1235 4489 1338 4556 Λυσία
1368 4490 1424 4537 καί

305 4562 464 4631 Σωκράτει
484 4567 526 4615 καί
545 4569 608 4615 πᾶσι
626 4569 677 4622 τοῖς
696 4563 760 4614 κατὰ
775 4558 847 4627 φύσιν
872 4562 959 4627 έχουσι
978 4563 1006 4612 τό
1023 4564 1103 4625 λέγειν
1118 4565 1152 4618 ὡς
1170 4563 1184 4610 ό
1202 4562 1266 4625 έρῶν
1281 4559 1424 4609 ἀκόλαστον

304 4635 384 4700 Ιε’ρωτα
400 4638 521 4696 μαίνεται,
540 4638 553 4685 ό
569 4636 594 4686 δέ
612 4633 646 4698 μὴ
665 4637 774 4685 τοῦτον
794 4637 857 4700 ἐρῶν
876 4637 1000 4701 σωφρονεῖ
