3248 5512
347 500 389 550 20,
726 488 866 540 Erirfflor
887 489 1084 538 ΦΙΛΟΣΟΦΟΥ

265 665 313 731 [68]
346 646 395 713 την
415 641 596 722 γνωρίζουσαν
617 640 694 697 αύτά·
717 643 761 697 καί
783 639 852 697 ἐστιν
874 641 940 713 αότη
963 643 981 711 ἡ
1005 634 1068 706 δόξα
1086 641 1158 713 ἥτις,
1183 641 1241 698 ἐπεί
1260 640 1464 722 ἀσυλλογίστως

344 747 399 798 τῶν
428 739 662 819 συμπερασμάτων
686 738 880 820 ἐπιδράττεται,
909 735 979 796 ἐστιν
1003 740 1033 794 ού
1059 741 1104 795 καὶ
1129 738 1304 821 ἐπιτυγχάνει
1327 744 1371 798 καί
1397 744 1463 800 ἀπο-

345 839 485 920 τυγχάνει·
511 837 637 917 οὐδὲγάρ
659 838 761 895 ἀείκαὶ
783 838 912 901 ὡσαύτως
929 836 989 923 ἔχει
1009 839 1038 893 τὸ
1059 837 1249 913 ὑποκείμενον.
1269 838 1342 896 Ἐπεί
1363 844 1461 919 γοῦνί,

345 935 458 1012 δύναμις
478 947 526 1009 τῆς
552 934 629 1007 δόξης
652 935 727 1007 διττά,
753 936 914 1014 εὑρίσκεται,
939 935 1172 1017 ἐπιτυγχανούσης
1194 938 1241 1011 μὲν
1265 939 1343 994 εἰκὼν
1366 941 1380 995 6
1404 947 1462 995 Σω-

298 1052 312 1098 5
344 1036 443 1115 κράτης
458 1036 541 1107 αὐτῆς
557 1038 602 1091 οἷα
616 1040 669 1091 τῖον
683 1035 853 1113 πραγμάτων
868 1029 1003 1105 ἐπηθολος
1017 1036 1061 1090 καί
1075 1035 1265 1116 ἀποραντικῖος
1280 1039 1325 1093 καί
1343 1037 1462 1094 καθόλου

344 1134 572 1214 ἀποφαινόμενος,
596 1135 701 1212 «περὶ
720 1132 881 1189 πάντων»
905 1132 993 1210 λέγων
1016 1158 1030 1188 ιι
1054 1133 1076 1188 ὧ
1100 1136 1171 1205 παὶ,
1196 1135 1249 1208 μία
1270 1135 1367 1215 ἀρχή·
1386 1158 1401 1188 ν»
1417 1137 1463 1192 καί
1501 1197 1504 1203 ,

344 1238 389 1288 νῦν
405 1231 433 1288 δέ
456 1259 469 1286 ιι
485 1234 527 1296 ὡς
550 1228 659 1289 ἔοικεν
677 1256 691 1285 »
716 1231 797 1288 εἰπὼν
819 1234 868 1302 την
891 1225 970 1297 δόξαν
992 1230 1075 1303 δηλοῖ
1095 1234 1150 1308 [καί
1171 1230 1332 1309 ἀληθεύσας,
1348 1237 1409 1313 περὶ
1430 1236 1462 1291 ού

343 1332 511 1411 άπερηνατο]
526 1333 575 1401 τὴν
591 1331 832 1411 ἐπιτυγχάνουσαν·
854 1330 1096 1410 ἀποτυγχανούσης
1120 1329 1148 1386 δέ
1170 1331 1249 1388 εἰκὼν
1270 1334 1284 1387 ό
1300 1332 1397 1397 Λυσίας
1416 1334 1463 1391 ἅτε

343 1436 380 1503 τῷ
396 1431 551 1509 ραινομένιμ
573 1428 715 1509 προσέχων
736 1431 781 1484 καὶ
796 1435 898 1509 μερικῷ
912 1431 973 1507 περί
992 1432 1006 1484 6
1027 1432 1072 1486 καί
1092 1433 1110 1501 ί,
1133 1429 1192 1486 καθ’
1213 1429 1350 1506 ὑπόληψιν
1371 1432 1460 1503 ἀπάτη

280 1549 311 1598 10
343 1527 457 1605 γίνεται.
475 1524 509 1582 ⁰0
523 1549 549 1582 τι
564 1526 610 1583 ούν
631 1527 735 1604 [εἰκών]
759 1527 827 1584 ἐστιν
850 1530 864 1583 6
888 1527 1034 1606 Σωκράτης
1057 1537 1106 1598 τῆς
1129 1521 1218 1602 δόξης,
1243 1531 1256 1584 6
1276 1528 1391 1609 Φαῖδρος
1412 1539 1463 1600 τῆς

342 1625 486 1705 ραντασίας
504 1625 570 1701 ἐστὶ,
586 1627 631 1681 καὶ
650 1626 663 1681 6
684 1624 782 1691 Λυσίας
799 1634 848 1696 τῆς
865 1626 1026 1696 αἰσθήσεως·
1044 1628 1058 1681 ό
1076 1626 1124 1700 μὶν
1139 1625 1236 1691 Λυσίας
1250 1629 1296 1684 σ’ίτε
1319 1627 1350 1684 ἐν
1370 1624 1462 1684 ἄστει

342 1722 442 1802 διάγων
456 1725 570 1788 καὶτοῖς
592 1723 764 1804 φαινομένοις
784 1723 938 1805 προσέχων,
962 1726 976 1780 6
999 1722 1027 1780 δέ
1048 1722 1166 1804 Φαῖδρος
1189 1727 1236 1782 ἅτε
1257 1727 1301 1782 καί
1322 1721 1382 1798 ἔξω
1404 1732 1462 1783 τοῦ

255 1843 325 1907 μω
342 1822 492 1902 τείχους,
515 1829 570 1879 τῶν
596 1821 600 1900 Ι
626 1824 760 1894 αἰσθητῶν
783 1820 901 1895 δηλαδὴ,
930 1822 1119 1902 προηρημένος
1144 1821 1257 1896 ὁδεύειν,
1284 1827 1333 1895 τὴν
1362 1820 1462 1902 βίθλον

344 1920 385 1976 ἐπ’
404 1921 542 2001 ἀριστεροῖς
564 1918 636 2001 ’ἔχων
657 1923 701 1977 καί
721 1923 754 1977 τά
775 1920 993 1999 ἐναπομάγματα
1011 1930 1063 1992 τῆς
1085 1923 1248 1994 αἰσθήσεως.
1271 1922 1391 2003 ’Έχομεν
1414 1923 1461 1980 οὖν

279 2040 309 2092 15
343 2017 463 2075 ἐντεύθεν
479 2020 545 2088 ὡςί,
562 2015 626 2084 δόξα
640 2018 723 2076 πλέον
743 2019 888 2076 οἰκειοῦται
902 2025 937 2094 τῇ
957 2018 1088 2098 φαντασία
1108 2019 1126 2089 ἣ
1148 2024 1180 2093 τῇ
1203 2020 1334 2090 αἰσθήσευ
1359 2019 1388 2076 ἐκ
1409 2023 1461 2100 γάρ

341 2125 391 2188 τῆς
414 2116 561 2197 φαντασίας
584 2118 628 2172 καὶ
649 2116 746 2196 λόγους
768 2113 904 2191 λαμόάνει
923 2115 1067 2196 (πολλάκις
1083 2119 1134 2196 γάρ
1151 2116 1214 2173 ἰδών
1233 2140 1272 2181 τις
1290 2120 1335 2173 καί
1356 2140 1461 2199 ραντα-

341 2216 484 2290 σιούμενος
501 2211 610 2281 ἐδόξασε
624 2216 669 2273 καὶ
682 2217 742 2294 περί
754 2220 802 2271 τού
818 2215 1021 2294 προκειμένου),
1038 2224 1088 2286 τῆς
1103 2213 1131 2271 δὲ
1146 2216 1294 2289 αἰσθήσεως
1309 2218 1354 2272 καί
1367 2217 1461 2296 πόρρω

341 2313 424 2385 οὔσης
439 2320 560 2393 προνοεῖ.
578 2311 681 2393 ’Ὠσπερ
703 2316 754 2393 γάρ
777 2315 800 2370 εἰ
823 2317 860 2389 μὴ
884 2314 918 2382 ἦν
940 2316 954 2369 ό
976 2313 1088 2387 Λυσίας,
1110 2314 1159 2370 ούκ
1177 2313 1209 2370 ἂν
1231 2316 1257 2373 οί
1278 2315 1358 2372 καλοί
1380 2314 1461 2393 λόγοι

340 2417 387 2468 τού
416 2411 575 2491 Σωκράτους
597 2413 662 2491 πρὸς
687 2411 733 2469 τὸν
759 2410 877 2492 Φαῖδρον
904 2411 1086 2490 ἐγεγόνεισαν,
1117 2413 1201 2477 οὕτως
1227 2410 1283 2470 ούδ’
1312 2414 1461 2486 αἰσθήσεως

277 2534 309 2583 20
341 2508 424 2582 ούσης
440 2511 489 2568 ούκ
505 2510 567 2581 ivi
586 2511 716 2591 φαντασία
732 2509 832 2589 λόγους
848 2516 881 2586 τῇ
897 2508 962 2586 δόξῃ
977 2511 1146 2591 παρέπεμπε.
1165 2513 1213 2567 Καὶ
1228 2512 1299 2568 οὕτω
1316 2513 1364 2587 μὲν
1381 2511 1461 2591 είπερ

340 2609 354 2664 6
371 2610 517 2688 Σωκράτης
533 2618 581 2682 τῆς
596 2602 676 2681 δόξης
694 2609 784 2667 εἰκών.
809 2610 837 2664 Εἰ
852 2607 879 2664 δὲ
900 2611 913 2664 6
929 2609 1040 2682 Λυσίας,
1055 2610 1164 2674 πάντως
1179 2607 1207 2666 δέ
1226 2631 1257 2688 γε
1271 2619 1322 2681 τῆς
1343 2608 1460 2689 διημαρ-

339 2709 471 2783 τημένης,
488 2705 634 2786 ὁΦαῖδρος
650 2716 700 2778 τῆς
722 2704 841 2771 διανοίας
856 2706 888 2763 rw
904 2705 946 2779 εἰη
962 2709 1007 2763 καί
1022 2710 1036 2764 6
1054 2708 1201 2788 Σωκράτης
1217 2714 1264 2765 τού
1280 2714 1337 2764 νοῦ·
1355 2708 1459 2771 ἐκεῖνος

341 2807 390 2880 μὲν
410 2806 451 2862 ότι
470 2803 513 2862 διά
529 2807 611 2880 μέσου
631 2805 821 2884 συλλογίζεται
840 2811 887 2861 τού
911 2802 1018 2882 βιθλίου
1035 2807 1066 2862 τὸ
1085 2807 1253 2881 ζητούμενον
1274 2808 1319 2862 καί
1336 2807 1378 2863 ότι
1399 2803 1460 2873 ἔξω

339 2904 476 2985 τείχους
503 2907 564 2980 [τῆς
589 2904 650 2983 περὶ
674 2905 707 2960 τά
731 2905 844 2975 αἰσθητά
867 2904 982 2981 ἀπάτης]
1012 2905 1163 2984 πορεύεται,
1191 2908 1241 2976 τὴν
1268 2901 1384 2970 δίέξοδον
1411 2912 1459 2961 τοῦΙ

276 3025 307 3074 25
339 3000 526 3080 συλλογισμοῦ
541 3004 586 3058 καὶ
602 3003 632 3058 τὸ
648 2999 682 3057 δι’
703 3001 792 3059 ἄλλον
814 3000 884 3059 ἄλλο
901 2998 1050 3077 συμθαῖνον
1066 3001 1258 3076 θποδηλούσης
1279 3012 1327 3074 τῆς
1348 2996 1457 3069 λέξεως·

340 3102 354 3156 6
377 3099 405 3157 δέ
425 3100 475 3157 κάν
496 3100 563 3157 όπου
586 3098 648 3156 ποτ’
668 3100 688 3176 ᾖ
709 3100 758 3156 κάν
780 3100 857 3164 ἐκτὸς
879 3099 929 3157 κάν
954 3101 1024 3165 ἐντὸς
1047 3106 1101 3157 τῶν
1123 3103 1269 3174 αἰσθητῶν,
1293 3101 1370 3177 ὅμως
1395 3102 1461 3181 πρὸς

264 3273 266 3275 ¹
340 3201 433 3257 ἐαυτὸν
456 3192 694 3279 ἐπιστρεφόμενος.
718 3202 829 3278 Τριττῖγν
854 3205 919 3277 γοῦν
942 3199 1048 3270 κίνησιν
1070 3199 1177 3257 δίδωσιν
1201 3202 1215 3256 6
1237 3200 1321 3278 λόγος
1347 3206 1386 3275 τῷ
1408 3206 1459 3274 νῷ,

338 3302 387 3370 τὴν
405 3296 548 3370 κυκλικὴν,
569 3298 617 3368 τὴν
638 3295 788 3370 ἑλικοειδῆ,
808 3300 854 3354 καὶ
875 3299 924 3369 τὴν
943 3297 1003 3354 κατ’
1021 3298 1094 3355 εόθύ·
1117 3301 1168 3369 την
1191 3299 1239 3373 μὲν
1260 3297 1392 3369 κυκλικὴν
1414 3298 1461 3355 ότε

339 3398 405 3477 πρὸς
430 3398 524 3453 ἐαυτὸν
549 3395 609 3452 καθ’
628 3396 723 3453 ἑαυτὸν
743 3395 927 3476 ἐπιστρέφεται
952 3399 997 3453 καί
1021 3397 1170 3477 ἀκροθιγὼς
1195 3402 1250 3454 τῶν
1275 3398 1461 3472 ὑποκειμένων

277 3516 308 3565 30
339 3494 523 3575 ἐπιδράττεται
538 3496 628 3574 ὥσπερ
642 3492 743 3558 κύκλος
760 3493 894 3560 ἐπίπεδος·
918 3496 953 3561 ὡς
972 3496 1022 3574 γδιρ
1043 3495 1148 3560 ἐκεῖνος
1169 3497 1238 3552 κατὰ
1257 3495 1374 3554 πλείονα
1395 3495 1413 3565 θ
1431 3496 1461 3552 ’ἐν

340 3600 456 3669 σημεῖον
476 3594 526 3649 ούκ
547 3592 578 3650 διν
600 3595 708 3668 ἅψεται,
736 3594 808 3650 ούτω
828 3599 887 3659 νοῦς
908 3595 973 3673 πρός
994 3594 1089 3650 ἐαυτὸν
1112 3593 1338 3675 ἐπιστρεφόμενος
1359 3593 1409 3650 οὐκ
1429 3593 1462 3649 δν

339 3699 397 3756 τοῖς
416 3690 568 3756 πολιτικοῖς
588 3690 816 3765 καλινδηθησεται
836 3693 1002 3772 πράγμασιν·
1027 3690 1163 3782 ἑλικοειδῆ
1186 3690 1214 3749 δὲ
1235 3691 1330 3768 ότετῇ
1354 3690 1461 3763 διανοίᾳ

369 3866 445 3918 6237
461 3867 483 3916 Β

369 3974 430 4028 TIT
444 3976 474 4028 27
489 3974 580 4044 τρ]ιττὴ
594 3981 638 4029 τοῦ
653 3981 697 4029 νοῦ
712 3975 829 4042 [κιῙνησις
844 3981 868 4028 Α

371 4091 418 4141 NC
432 4091 446 4140 l
461 4089 641 4157 γνωρίζουσαν]
651 4093 807 4156 γνωρίζουσα
821 4103 838 4138 a
899 4090 914 4143 2
929 4079 1059 4142 06e166v
1071 4094 1093 4140 Α
1106 4103 1112 4138 :
1129 4089 1173 4142 οὖν
1185 4091 1213 4140 Μ
1227 4092 1292 4154 (jam
1302 4100 1459 4145 correxerat

339 4161 407 4223 Αεπ)
470 4162 544 4225 ίμὶν
560 4176 641 4212 evan.
656 4163 685 4210 in
701 4165 724 4211 A
787 4161 1089 4226 Ἱκαὶ-Βὰπεφήνατο
1109 4163 1219 4224 seclusi,
1239 4163 1292 4212 nisi
1309 4169 1369 4226 posi
1379 4165 1457 4215 εἰπὼν
1523 4198 1525 4200 -

339 4239 475 4297 reportare
492 4234 553 4284 haec
564 4233 649 4283 verba
661 4232 792 4283 malueris
853 4232 870 4283 8
886 4232 937 4296 ἅτε]
949 4234 1005 4284 οὔτε
1017 4232 1044 4283 Μ
1110 4235 1140 4283 10
1148 4234 1168 4285 ·ὀ’
1180 4254 1202 4285 τι
1213 4235 1307 4298 scripsi
1320 4248 1325 4282 :
1337 4235 1350 4285 ὅ
1360 4253 1384 4286 τε
1395 4235 1458 4285 iibri

339 4303 413 4353 εἰκών
432 4303 533 4355 seclusi
597 4304 626 4353 17
650 4305 677 4354 δὲ
700 4317 754 4354 om.
781 4305 808 4354 M
876 4303 905 4352 19
929 4307 1087 4369 ἐγεγόνεισαν
1111 4305 1150 4354 sio
1169 4305 1232 4354 libri
1293 4304 1325 4354 20
1344 4313 1373 4378 τῇ
1396 4307 1457 4368 δόξη

338 4373 469 4438 λόγουςΜ
536 4373 564 4423 21
579 4381 621 4440 της
636 4377 696 4437 post
707 4373 844 4442 Σωκράτης
858 4388 916 4424 om.
936 4375 963 4424 Μ
1028 4374 1306 4439 23διδιτοῡμίσουΜ
1371 4366 1457 4439 ἳίτήἐ

273 4472 276 4475 -
337 4474 368 4480 -
384 4445 478 4508 ἀπάτης
497 4445 597 4495 seclusi
617 4445 679 4502 (nisi
695 4445 796 4495 addere
813 4448 938 4497 τουτέστιν
953 4446 1095 4507 malueris)
1159 4446 1190 4495 26
1205 4440 1221 4520 ᾖ
1236 4460 1270 4496 ex
1285 4449 1306 4497 εἰ
1321 4449 1345 4496 Α
1359 4446 1393 4507 (θ)

338 4515 410 4582 πρὸς]
433 4520 488 4582 περὶ
504 4516 532 4564 Μ
597 4515 627 4564 27
648 4518 721 4567 αὐτόν
742 4517 769 4566 Μ
835 4516 906 4582 γοῦν]
922 4514 965 4568 ούν
984 4517 1012 4566 Μ
1077 4517 1151 4567 29·3Ο
1174 4521 1346 4583 ἐπιστρὲρηται
1361 4522 1458 4569 etim-

338 4588 469 4654 δράττηται
488 4590 512 4637 Α
577 4588 608 4637 30
617 4591 730 4645 ἐπίπεδος
740 4587 836 4652 scripsi
852 4602 858 4636 :
874 4590 992 4641 ἐπιπέδου
1006 4592 1030 4639 Α
1047 4600 1054 4639 τ
1070 4591 1108 4640 ἐπὶ
1128 4591 1203 4640 πέδου
1224 4589 1252 4639 Μ
1317 4589 1346 4638 31
1367 4588 1457 4655 ἅψεται

339 4656 449 4722 scripsi:
465 4659 558 4725 ἅψηται
573 4655 636 4709 libri
651 4660 695 4722 [oi.
713 4659 752 4722 32)
