3248 5512
318 475 349 528 28
690 467 830 517 ΕΡίίΕίΟΥ
851 468 1047 517 ΦΙΛΟΣΟΦΟΥ

235 636 283 703 [73]
317 628 396 695 πόδες
416 629 552 702 δηλοῦσιν,
575 629 734 710 ἐφάπτεσθαι
754 637 803 700 τῆς
822 629 951 705 γενέσεως
971 628 1068 694 αῦτοῦς
1089 627 1167 694 όλους
1188 631 1367 711 ὑπερέχοντας
1386 639 1436 703 τῆς

318 730 460 806 γενέσεως,
477 729 597 806 τουτέστι
610 737 660 800 τῆς
677 728 789 806 λογικῆς
805 731 896 807 ψυχῆς
912 726 1013 785 ἀνωθεν
1027 725 1188 808 θεωροόσης
1202 732 1253 800 τήν
1266 731 1377 807 γένεσιν,

212 867 308 952 μεναγ·Δ
347 883 403 952 ις’.
421 883 511 964 Ὀρᾷς
534 883 589 941 οῦν
612 884 761 960 ἐκείνην]
784 885 843 943 229
857 884 894 944 A.

357 1016 406 1073 Τδν
420 1017 503 1072 τόπον
517 1021 613 1072 τοῦτον
628 1015 749 1090 ἀνυμνεῖ,
769 1015 852 1072 δέστι
869 1016 900 1072 τὸ
917 1017 1025 1097 φυσικὸν
1042 1016 1142 1082 κάλλος
1158 1026 1208 1090 τῆς
1226 1019 1344 1099 ρόσεως,
1361 1018 1392 1077 ἔκ
1409 1043 1438 1078 τε

271 1127 286 1175 5
316 1120 370 1171 τῶν
386 1112 503 1193 δένδριον
522 1111 551 1170 ἔκ
565 1136 593 1171 τε
612 1120 659 1171 τοῦ
678 1113 831 1188 πνεύματος
848 1116 892 1170 καὶ
909 1123 959 1186 τῆς
976 1115 1055 1180 πόας·
1075 1117 1142 1182 τέως
1160 1117 1208 1190 μἐν
1226 1118 1259 1173 τὰ
1275 1116 1343 1197 ἂκρα
1358 1115 1438 1177 ἔλαθε

316 1215 366 1284 τήν
382 1235 410 1269 τε
427 1209 638 1287 ὑψηλοτάτην
652 1210 817 1273 πλάτανον
836 1214 922 1269 καὶτὸ
936 1212 1152 1294 χθαμαλώτατον
1167 1217 1216 1286 τήν
1229 1216 1308 1272 πόαν·
1324 1216 1438 1293 λήψεται

317 1310 344 1371 δὲ
366 1311 394 1367 ἐν
417 1317 475 1376 τοῖς
498 1307 561 1382 ἑξῆς
582 1312 675 1367 καὶτὸ
696 1311 777 1385 μέσον
798 1313 848 1381 τήν
869 1310 960 1389 ἀγνον·
980 1315 998 1383 ή
1021 1311 1049 1368 δὲ
1069 1313 1127 1368 σκιά
1148 1315 1242 1373 καὶτὸ
1263 1321 1368 1391 πνεῦμα
1388 1316 1436 1381 τὰς

317 1409 471 1474 ἀναπαύλας
486 1410 626 1483 σημαίνει.
644 1409 758 1465 Δόνασαι
770 1408 798 1466 δε
811 1412 856 1467 καὶ
869 1411 900 1466 τὸ
912 1415 1018 1485 πνεῦμα
1032 1413 1082 1481 τήν
1096 1415 1279 1491 προνοητικὴν
1290 1419 1346 1470 τῶν
1358 1411 1437 1471 θεῶν

316 1504 462 1583 λαμόοίνειν
482 1508 634 1581 ἐπίπνοιαν,
656 1510 707 1579 τήν
727 1507 755 1565 δὲ
774 1509 848 1564 σκιάν
868 1509 924 1565 ἀντὶ
940 1515 987 1566 τοῦ
1007 1516 1106 1582 νοητοῦ
1125 1514 1170 1568 καὶ
1186 1511 1303 1592 ἀρανοῦς
1324 1515 1435 1584 καὶτῆς

255 1613 286 1663 10
317 1607 457 1684 ἀναγώγοο
478 1605 618 1680 δυνάμεως
642 1608 687 1662 καί
709 1607 801 1686 πόρρω
821 1613 869 1665 τοῦ
892 1609 1019 1680 αἰσθητοῦ
1041 1611 1085 1665 καί
1105 1608 1253 1683 πληκτικυῦ
1276 1610 1366 1688 (τοῦτο
1387 1612 1436 1691 γὰρ

317 1703 395 1776 δηλοῖ
416 1706 446 1761 τὸ
466 1705 538 1785 φῶς)
559 1705 769 1783 συναναγοόσης.

357 1866 400 1932 ιζ’.
428 1864 506 1920 Εἰπέ
531 1885 587 1937 μοι
611 1862 634 1918 ὦ
659 1861 845 1943 Σώκρατες]
871 1863 930 1920 229
952 1861 987 1925 Β.

355 2007 407 2062 Τοῦ
429 2001 514 2075 μόθου
533 2000 629 2056 τοῦτου
648 1998 736 2070 διττήν
759 1997 790 2055 ἀν
809 2021 848 2063 τις
868 2000 1008 2069 ποιήσαιτο
1027 2001 1076 2070 τήν
1096 1997 1229 2069 ἀνάλυσιν,
1252 2000 1317 2074 μίαν
1338 2000 1387 2074 μὲν
1407 2000 1437 2057 ἐκ

317 2108 367 2172 τῆς
390 2099 510 2178 ἱστορίας
532 2098 708 2177 ήθικωτέραν,
729 2099 818 2176 ἑτέραν
840 2096 868 2153 δὲ
887 2096 930 2153 ἐπὶ
950 2097 982 2153 τὰ
1003 2096 1057 2156 όλα,
1071 2098 1236 2178 μεταφέρων.
1261 2100 1309 2154 Καὶ
1328 2095 1396 2155 ἔστιν
1417 2103 1434 2171 1,

255 2206 285 2255 15
319 2201 368 2276 μὲν
382 2199 498 2278 προτέρα
512 2197 634 2269 τοιαῦτ-η.
652 2195 800 2277 Ἐρεχθέως
817 2196 865 2270 μὲν
881 2197 1000 2273 γενέσθαι
1017 2195 1162 2275 Ὠρείθυιαν
1176 2193 1323 2276 θυγατέρα,
1340 2199 1436 2276 ἱέρειαν

317 2297 345 2357 δὲ
360 2297 441 2368 αὐτὴν
456 2297 575 2374 γενέσθαι
589 2301 636 2352 τοῦ
652 2296 760 2374 Βορέου·
776 2293 905 2373 εἶναιγὰρ
920 2296 964 2351 καίΙ
978 2294 1089 2351 ἑκάστου
1101 2301 1156 2350 τῶν
1168 2295 1326 2369 πνευμάτων
1338 2292 1435 2375 ἔρυρον

315 2393 394 2468 θεὸν,
420 2396 451 2451 δν
473 2398 492 2464 ἡ
517 2391 655 2464 τελεστική
675 2391 831 2471 θεραπεόει·
855 2392 955 2464 ταύτην
977 2391 1023 2449 οῦν
1047 2395 1095 2464 τήν
1118 2391 1265 2471 Ὠρείθυιαν
1288 2388 1362 2474 ἔχειν
1385 2397 1435 2465 τήν

316 2494 453 2569 εὐμένειαν
476 2498 524 2550 τοῦ
543 2484 613 2549 θεοῦ
637 2491 725 2555 υῦτως
748 2488 824 2568 ἀγαν,
848 2488 916 2546 ὥστε
937 2489 1015 2547 αὐτὸν
1040 2480 1082 2547 ἐπὶ
1105 2490 1245 2569 εὐετηρίαν
1268 2499 1317 2562 τῆς
1340 2491 1435 2572 χώρας

281 2639 282 2656 ,
315 2598 402 2650 πνεῖν·
427 2593 471 2648 καί
496 2591 649 2666 μέντοικαῖ
673 2595 842 2670 ναυμαχοῦσι
864 2594 922 2653 τοῖς
948 2586 1101 2661 Ἀθηναίοις
1123 2585 1297 2646 συλλαόέσθαι
1319 2587 1432 2669 λέγεται.

253 2706 284 2757 20
316 2688 533 2747 Ἐνθουσιάσασαν
555 2687 601 2746 οῦν
626 2688 708 2759 αὐτὴν
731 2689 775 2745 καίΙ
799 2690 1007 2767 κατασχεθεῑσαν
1032 2688 1082 2744 ὑπὸ
1101 2693 1148 2744 τοῦ
1171 2689 1272 2746 οἰκείου
1293 2685 1363 2745 θεοῦ
1387 2694 1434 2746 τοῦ

315 2790 412 2868 Βορέου
431 2791 475 2846 καὶ
496 2789 592 2863 μηκέτι
611 2788 650 2852 ὡς
668 2785 808 2865 ἄνθρωπον
824 2787 980 2865 ἐνεργοῦσαν
999 2786 1099 2866 ήυόκέτι
1113 2787 1162 2866 γὰρ
1181 2788 1248 2843 κατὰ
1266 2789 1316 2858 τήν
1333 2789 1435 2844 ἑαυτῶν

315 2887 433 2960 ἰδιότητα
450 2888 483 2943 τὰ
503 2889 559 2960 ζῷα
580 2886 680 2965 ένεργεῑ
693 2884 916 2965 καταλαμρθέντα
932 2891 989 2949 τοῖς
1008 2886 1160 2965 όπερτέροις
1176 2884 1282 2963 αἰτίοις)
1299 2886 1343 2942 καὶ
1360 2885 1386 2942 έν
1400 2891 1433 2962 τῇ

314 2990 463 3065 κατοκωχῇ
477 2983 682 3055 τελευτήσασαν,
703 2983 835 3063 λεχθῆναι
850 2982 921 3039 οῦτω
941 2982 1023 3053 αὐτήν
1043 2983 1093 3039 ὑπὸ
1112 2988 1159 3039 τοῦ
1174 2984 1273 3062 Βορέου
1287 2983 1432 3062 ήρπάσθαι.

315 3085 364 3139 Καί
383 3084 450 3154 αῦτη
472 3083 555 3156 μένή
576 3081 727 3159 ήθικωτέρα
742 3085 790 3137 τοῦ
807 3080 892 3154 μόθου
907 3078 1059 3146 ἀνάπτυξις.
1076 3115 1115 3125 -
1131 3080 1161 3136 Ἠ
1181 3079 1208 3137 δέ
1228 3079 1335 3161 δευτέρα
1352 3085 1370 3151 ή
1392 3081 1436 3137 ἐπὶ

271 3202 281 3212 ·
316 3182 348 3237 τά
367 3180 419 3238 όλα
442 3175 655 3255 μεταόιόάζουσα
672 3179 718 3234 τὸν
738 3177 819 3256 λόγον
839 3177 927 3236 τοιάδε
945 3180 987 3242 τίς
1008 3178 1087 3248 ἐστιν,
1110 3178 1141 3236 οῦ
1162 3179 1269 3244 πάντως
1291 3180 1436 3258 ἀναιροῦσα

315 3281 364 3349 τήν
388 3279 528 3358 προτέραν·
550 3275 679 3341 πολλάκις
700 3277 750 3356 γὰρ
772 3279 799 3332 αἰ.
822 3277 962 3351 θεομυθίαι
984 3279 1140 3355 γενομένοις
1162 3276 1299 3355 πράγμασί
1320 3299 1370 3333 τισι
1391 3279 1436 3333 καὶ

314 3377 445 3456 ἰστορίαις
467 3376 657 3457 ἀπεχρήσαντο
680 3375 723 3431 ἐπὶ
746 3378 795 3447 τήν
818 3381 872 3431 τῶν
898 3375 969 3431 όλων
992 3374 1170 3435 διδασκαλίαν.
1195 3375 1322 3456 Ἐρεχθέα
1344 3377 1433 3433 τοίνυν

313 3474 478 3553 λέγουσιτὸν
493 3479 540 3530 τοῦ
555 3474 708 3553 τριστοίχου
724 3473 877 3553 ἐπάρχοντα
888 3471 968 3543 θεὸν,
980 3474 1070 3551 ἀέρος,
1084 3472 1191 3543 ὕδατος,
1203 3481 1254 3551 γῆς
1268 3470 1333 3552 (ἔστι
1347 3472 1375 3530 δὲ
1391 3475 1435 3531 ὅτε

313 3575 357 3630 καί
368 3573 414 3629 τὸν
432 3573 519 3647 μόνης
534 3580 583 3643 τῆς
598 3580 661 3650 γῆς,
678 3567 731 3627 ἔστι
751 3570 779 3628 δὲ
793 3571 837 3628 ότε
850 3572 894 3627 καίΙ
912 3571 958 3627 τὸν
973 3574 1022 3642 τήν
1038 3570 1158 3642 Ἀττικήν
1175 3572 1260 3646 μόνην
1278 3570 1433 3652 είληχόταή,

343 3795 383 3846 15.
399 3795 434 3845 οί.
451 3794 595 3845 Ευστιιπιι.
611 3795 647 3844 ad
660 3793 776 3859 Dionys.
791 3793 899 3858 Ρισίερ.
910 3793 956 3845 423
967 3796 1009 3857 (=
1026 3794 1132 3846 Ευυοσ.
1148 3793 1219 3846 Viol.
1233 3809 1277 3859 pp.
1291 3795 1322 3845 91
1335 3800 1362 3846 ει
1377 3796 1433 3858 410)

317 3868 435 3934 Ἑρμείας
449 3866 475 3917 δὲ
490 3870 504 3916 ό
519 3866 681 3924 Πλατωνικὸς
697 3865 829 3931 βασιλικὴν
843 3869 920 3917 παῖδα
934 3865 977 3928 τὴν
1001 3866 1143 3932 Ὠρείθυιαν
1159 3867 1224 3918 κατά
1239 3871 1352 3933 κρημνοῦ
1370 3867 1434 3919 ὑπο·

313 3943 366 3989 νοεῖ
380 3940 490 4000 ὠσθῆναι
505 3939 588 4004 ἀνέμῳ
605 3938 691 4008 Βορρᾷ
705 3940 748 3988 καὶ
762 3933 841 4004 τούτῳ
855 3948 890 4005 τῷ
908 3940 993 4004 τρόπῳ
1012 3940 1129 4004 λεχθῆναι
1151 3939 1307 4004 ἁρπασθῆναι
1327 3940 1433 3990 ἀπὸτοῦ

316 4009 401 4075 Βορρσῑ
465 4009 495 4057 15
513 4009 652 4075 Ἐρεχθέως
667 4009 736 4057 -23
752 4007 878 4074 ἡρπάσθαι
893 4007 949 4071 jam
967 4008 1040 4059 edid.
1054 4006 1198 4059 RUHNKEN
1212 4009 1241 4058 in
1261 4007 1329 4059 Tim.
1346 4024 1371 4074 p.
1387 4009 1432 4063 191

314 4079 385 4129 exP
448 4079 657 4130 19ο1.Ηιιιου.
677 4079 789 4129 V11189

341 4201 388 4252 Nc
405 4202 416 4250 1
433 4201 523 4261 αῦτοῦς
535 4229 564 4238 -
576 4201 591 4250 2
605 4204 725 4267 γενέσεως
739 4215 793 4251 om.
807 4201 859 4250 ΒΜ
925 4201 939 4248 3
955 4204 1024 4268 όρᾷς,
1041 4204 1054 4250 ό
1069 4199 1143 4250 rubr.
1157 4202 1181 4250 A
1244 4199 1259 4248 7
1274 4200 1333 4250 fort
1350 4208 1393 4263 τῆς
1407 4219 1432 4251 τε

314 4273 392 4339 ἄγνου
407 4286 451 4336 ap.
464 4274 533 4323 Plan.
548 4273 658 4338 legebat
673 4273 800 4323 Hermias
862 4273 878 4323 8
892 4270 964 4336 θεῶν]
975 4275 1046 4322 θείων
1062 4272 1090 4321 Μ
1104 4273 1141 4322 τί.
1151 4271 1219 4331 29,5
1282 4271 1312 4322 11
1324 4290 1433 4338 συνανα-

314 4339 409 4408 γοῦσης
423 4344 537 4407 soripsi:
558 4347 610 4394 νῦν·
627 4340 770 4409 ἀνοιγούσης
784 4343 846 4393 libri
909 4342 939 4391 12
956 4343 1017 4402 είπί,
1038 4344 1059 4393 εί
1073 4343 1150 4393 rubr.
1168 4347 1192 4394 A
1255 4342 1284 4391 13
1299 4341 1433 4406 ποιήσαιτο

313 4412 418 4481 ΒΒΕΜ
435 4428 444 4464 ι
459 4414 490 4464 in
507 4418 531 4464 Α
546 4415 661 4478 vestigia
680 4419 787 4464 tantum
802 4418 934 4478 apparent
954 4414 1055 4477 (qualia
1068 4420 1137 4466 ποιοῖ
1158 4424 1193 4481 τῷ
1212 4413 1291 4479 λόγῳ)
1308 4426 1315 4462 :
1337 4412 1432 4477 ποιήσω

313 4488 342 4535 λό
358 4483 417 4545 (εἰσ)
437 4497 454 4534 α
515 4484 546 4535 16
563 4487 606 4535 καὶ
624 4497 678 4534 om.
697 4484 719 4533 P
782 4484 812 4534 19
830 4486 995 4537 συλλαὸέσθαι
1011 4487 1068 4536 Αστ
1084 4499 1091 4534 ι
1110 4484 1294 4548 συμόάλλεσθαι
1308 4483 1369 4533 libri

313 4553 345 4604 22
359 4556 469 4618 ἰδιότητα
483 4582 513 4592 -
527 4555 556 4605 23
572 4554 756 4618 τελευτήσασαν
773 4569 831 4606 om.
852 4568 879 4604 m
895 4556 931 4615 (v.
950 4554 1074 4605 SCHANZ.
1094 4554 1191 4605 Herm.
1205 4554 1299 4605 xvlll
1314 4553 1370 4614 133)

313 4626 344 4679 23
358 4617 496 4696 κατάκωχῆ
511 4629 534 4676 Α
548 4641 555 4676 :
571 4633 709 4705 κατακωχῄ
726 4626 779 4676 ΜΡ
844 4629 970 4693 ήρπᾶσθαι
986 4627 1040 4679 ΜΡ
