3164 5512
306 489 354 541 212
694 477 836 532 ΕΡΜΕΙΟΥ
854 480 1053 532 ΦΙΛΟΣΟΦΟΥ

209 648 274 714 [177]
307 640 413 703 εἰκόνας
430 643 468 715 μί,
486 640 589 706 εἰδότας
604 643 637 698 τὰ
652 641 799 722 ἀρχέτυπα.
814 640 951 698 Ἐντεῦθεν
966 640 1012 697 οὖν
1027 642 1154 721 οἰιρορμὴν
1165 637 1298 716 λαμόάνει
1311 647 1359 699 τοῦ
1375 640 1430 708 ἐξε-

307 739 385 795 τοίσαι
403 740 449 796 τὸν
470 740 569 797 Λυσίου
589 738 670 818 λόγον
687 740 728 796 δτι
747 737 891 814 ἀμεθόδως
910 741 955 796 καί
973 738 1169 818 ἀνηρτημένως
1184 736 1308 818 ἔγραψεν·
1326 739 1371 796 ἐὰν
1383 743 1431 818 γὰρ

308 837 438 911 μάθωμεν
451 840 496 894 τὸν
508 837 624 895 καθόλου
638 839 738 917 τρόπον
752 843 799 894 τοῦ
818 837 912 901 καλῶς
932 837 1053 917 γράφειν,
1074 837 1217 918 χρώμενοι
1234 838 1326 910 τοότῳ
1343 838 1432 894 κανόνι

307 937 352 991 καί
366 936 398 992 τόι
412 938 480 992 κατὰ
496 938 577 1016 μέρος
592 935 728 1010 δυνάμεθα
743 934 896 1008 διακρίνειν.

260 1085 275 1133 5
347 1090 393 1170 ρι’.
417 1090 543 1147 Λυσίαν
565 1112 600 1147 τε
619 1092 694 1170 περὶ
713 1091 851 1167 τούτων]
874 1091 934 1149 258
955 1090 993 1150 Ι).

345 1234 471 1294 Τουτέστι
486 1236 533 1293 τὸν
549 1234 632 1315 λόγον
651 1242 698 1293 τοῦ
719 1235 829 1295 Λυσίου.
849 1269 888 1279 -
907 1236 966 1292 Καὶ
985 1232 1090 1292 ἄλλον
1109 1235 1200 1301 ὅστις
1219 1235 1365 1293 πώποτε·
1385 1235 1432 1315 ὅρα

307 1340 365 1398 πῶς
383 1333 524 1391 καθολικὸν
543 1341 662 1390 ποιεῖται
677 1333 724 1390 τὸν
744 1332 840 1412 λόγον·
862 1333 894 1390 οὐ
915 1333 967 1411 γὰρ
987 1332 1072 1406 μόνον
1091 1333 1214 1412 περὶτοῦ
1230 1334 1331 1391 Λυσίου
1347 1334 1429 1402 εἶπεν,

307 1431 381 1490 ἀλλὰ
404 1430 471 1490 είτε
494 1431 668 1489 πολιτικὸν
691 1430 761 1490 είτε
784 1431 951 1489 ἰδιωτικὸν
979 1429 1032 1488 είτε
1060 1433 1129 1505 μετὰ
1154 1432 1253 1511 μέτρου
1278 1429 1334 1488 είτε
1359 1430 1431 1488 ἄνευ

310 1531 440 1610 μέτρου·
458 1531 544 1595 οὕτως
558 1528 645 1601 δῆλόν
661 1530 730 1587 ἐστιν
745 1530 788 1586 ὅτι
801 1529 928 1609 περὶτῶν
942 1527 1062 1585 καθόλου
1077 1527 1170 1606 λόγων
1185 1530 1232 1584 καί
1248 1531 1430 1609 συγγραρῶνό

246 1619 276 1668 ¹⁰
306 1627 401 1708 παρών
416 1627 469 1686 ἐστι
485 1628 574 1705 λόγος.
590 1663 629 1672 -
644 1628 824 1686 Πολιτικὸν
840 1625 869 1685 δὲ
884 1627 961 1705 λέγει
974 1628 1020 1684 τὸν
1033 1628 1212 1701 νομοθετικόν
1227 1627 1245 1698 ἡ
1262 1624 1431 1701 συμόουλευ-

308 1727 391 1799 τικδν,
413 1724 585 1784 ἰδιωτικὸν
606 1724 717 1800 <δὲ>
739 1728 786 1782 τὸν
807 1725 956 1783 δικαστικὸν
976 1725 994 1796 ἡ
1017 1724 1161 1783 δικανικόν·
1186 1725 1236 1804 δρα
1257 1724 1304 1783 οὗν
1322 1725 1364 1782 ότι
1382 1732 1431 1781 πᾶν

307 1823 378 1888 εἶδος
393 1823 477 1901 λόγου
492 1824 604 1882 ἐνταῦθα
621 1823 747 1892 ἐξετάζει.
769 1824 774 1904 Ι

201 1967 293 2017 2751*
351 1978 412 2055 μα’.
439 1974 575 2055 Ἐρωτᾷς
597 1975 624 2032 εί
646 1974 803 2056 δέομεθα]
826 1977 885 2034 258
906 1973 943 2033 Ε.

349 2113 454 2186 Ἐπειδὴ
474 2117 525 2194 γὰρ
541 2116 671 2173 οόσίωται
690 2120 771 2190 ἡμῶν
788 2119 806 2187 ἡ
826 2114 922 2194 λογικὴ
940 2115 1016 2196 ψυχὴ
1032 2116 1101 2172 κατὰ
1121 2115 1152 2171 τὸ
1169 2115 1261 2194 νοερὸν
1276 2114 1307 2170 τὸ
1322 2113 1350 2171 έν
1366 2113 1431 2188 αὐτῇ

247 2210 276 2260 15
310 2213 339 2292 (ἡ
355 2215 406 2293 γαρ
421 2216 495 2295 ψυχὴ
510 2218 558 2270 τοῦ
573 2214 715 2292 ἀνθρώπου
729 2212 812 2292 λόγος
828 2212 910 2291 ἐστίν)
927 2212 1041 2276 είκότως
1057 2219 1153 2290 γεννᾶν
1174 2211 1305 2288 βούλεται
1320 2210 1431 2289 λόγους.

307 2312 386 2375 Τίνος
400 2310 447 2368 οὖν
460 2311 540 2391 χάριν
556 2312 705 2392 ὀφείλομεν
719 2314 777 2383 ζῆν,
790 2312 888 2392 ρησίν;
906 2311 924 2381 ἡ
938 2311 1067 2390 εὑρέσεως
1079 2307 1156 2368 ’ἑνεκα
1168 2310 1265 2367 τούτου
1277 2315 1325 2366 τοῦ
1337 2308 1431 2387 λόγου.

307 2411 359 2473 Τὰς
375 2411 405 2466 έκ
418 2409 617 2489 προλυπήσεως
631 2408 659 2467 δὲ
675 2409 756 2467 καλεῖ
770 2407 869 2481 ἡδονὰς
885 2409 932 2474 τὰς
947 2407 981 2466 δι’
997 2412 1065 2490 ἀρῆς
1079 2411 1124 2465 καί
1137 2410 1265 2488 γεόσεως·
1289 2409 1312 2465 εί
1329 2409 1380 2488 γὰρ
1396 2409 1432 2483 μὴ

307 2509 376 2564 πάνυ
392 2508 524 2580 λυπηθείη
540 2531 593 2584 τις,
605 2506 667 2565 οὐδὲ
682 2512 799 2580 ἡσθῆναι
814 2507 922 2565 δύναται
937 2508 964 2564 έν
974 2508 1094 2570 ταύταις.
1107 2509 1200 2570 Οὕτως
1212 2509 1290 2564 αὗται
1300 2510 1327 2563 σί
1338 2505 1433 2579 ἡδοναί

309 2607 358 2663 οὐκ
378 2608 427 2664 είσί
445 2609 557 2687 καθαραί
572 2606 678 2679 ἡδοναί,
695 2606 765 2664 ἀλλέι
783 2606 851 2681 μετὰ
867 2606 968 2678 λόπης·
984 2607 1095 2686 καὶγὰρ
1110 2607 1155 2662 καὶ
1171 2605 1259 2662 σίτίαν
1274 2603 1369 2687 έχουσι
1386 2607 1435 2676 τὴν

247 2699 278 2747 2⁰
311 2704 400 2777 λόπην
416 2708 460 2762 καί
480 2711 761 2784 συμπαρομαρτοῦσαν
780 2706 825 2761 καί
846 2702 1093 2764 ἐπακολουθοῦσαν.
1109 2704 1244 2761 Οὖσίωται
1259 2702 1306 2761 οὖν
1320 2707 1403 2778 ἡμῶν
1416 2705 1434 2772 ἡ

310 2807 384 2885 ψυχὴ
401 2805 467 2860 κατὰ
481 2805 526 2860 τόν
543 2803 629 2882 λόγον
643 2805 687 2859 καί
700 2806 750 2874 τὴν
766 2803 860 2882 νοερὰν
875 2802 1010 2881 ἐνέργειαν
1025 2803 1075 2872 τὴν
1091 2801 1117 2859 έν
1131 2801 1212 2877 αὐτῇ.

351 2916 481 3032 ριβᾏίθό
501 2954 560 3031 γάρ
582 2975 643 3009 που
667 2953 803 3010 ἐκείνων
825 2951 874 3032 γε]
897 2953 956 3011 258
978 2952 1015 3012 Ε.

349 3103 408 3154 Τῶν
430 3104 593 3171 σωματικῶν
611 3095 718 3168 ἡδονῶν
740 3097 814 3176 λέγει
833 3100 860 3154 σί
878 3097 980 3175 γένεσιν
999 3094 1093 3178 έχουσι
1110 3100 1161 3168 τὴν
1181 3098 1283 3171 λύπην.
1300 3132 1339 3143 -
1356 3101 1391 3156 Τὸ
1409 3098 1436 3156 δέ

312 3197 329 3266 ἡ
349 3193 428 3270 μηδὲ
448 3198 605 3272 ἡσθῆναι,
627 3196 668 3252 δτι
686 3195 758 3274 λέγει
775 3198 822 3260 τὰς
836 3195 895 3252 καθ’
909 3196 998 3276 δρασιν
1016 3196 1061 3251 καί
1081 3196 1167 3267 ἀκοὴν
1183 3195 1296 3266 ἡδονοίς·
1318 3197 1437 3272 μάλιστα

248 3298 278 3348 25
312 3293 340 3350 δέ
355 3297 382 3349 αἱ
397 3292 431 3350 δι’
448 3296 518 3375 ἀρῆς
532 3293 627 3364 ἡδοναί
649 3296 712 3351 εἰσιν
731 3297 759 3351 αί
777 3294 807 3350 ἐκ
824 3293 1028 3373 προλυπὴσεως.
1049 3329 1089 3337 -
1110 3290 1391 3374 ’Δνδραποδώδεις
1410 3292 1437 3350 δὲ

311 3391 407 3462 ἡδοναί
426 3392 607 3464 κέκληνται
626 3395 654 3448 αἱ
675 3391 769 3449 ἄλλων
788 3395 881 3449 παθῶν
900 3392 1082 3473 ἀπεχόμενοι,
1105 3392 1149 3448 ὑπ’
1164 3390 1258 3449 ἀ’λλων
1272 3391 1301 3449 δὲ
1320 3393 1437 3471 κρατοό·

313 3513 400 3565 μενον
419 3493 445 3546 οί
460 3492 509 3570 γὰρ
523 3497 556 3567 τῇ
571 3489 657 3566 ἡδονῇ
674 3489 837 3565 ένδιδόμενοι
851 3488 1085 3568 ἀνδραποδίζονται
1102 3492 1152 3547 ὑπὸ
1168 3498 1216 3562 τῆς
1231 3488 1349 3567 ἡδονῆς,
1367 3489 1438 3562 δλην

311 3590 360 3659 τὴν
376 3590 468 3668 ψυχὴν
483 3589 538 3645 ἐκεῖ
554 3587 715 3653 ἐκδιδόντες.

353 3744 413 3820 ριγ’.
439 3739 549 3820 Σχολὴ
573 3742 621 3815 μὲν
643 3738 681 3811 δὴ
705 3741 747 3803 ῶς
770 3724 872 3821 ἐὀικε]
895 3741 953 3799 258
976 3740 1013 3799 Ε.

250 3895 280 3942 30
352 3888 443 3941 Μῦθον
466 3884 594 3961 βούλεται
616 3885 715 3955 εἰπεῖν,
740 3882 782 3940 διὰ
805 3890 852 3941 τοῦ
876 3885 961 3959 μόθου
982 3882 1120 3964 διεγείρων
1141 3887 1229 3959 ἡμᾶς,
1251 3884 1297 3941 καί
1316 3883 1367 3941 οθκ
1389 3884 1441 3942 έῶν

312 4155 318 4210 γ
342 4080 594 4214 2527ῗνρραποδρίδεις
611 4083 673 4132 είσλν
691 4082 777 4143 ἡδοναί
800 4084 825 4131 αἱ
849 4108 879 4117 -
902 4080 979 4131 2627
998 4077 1166 4147 κρατούμεναι
1186 4098 1216 4127 ·-·
1238 4081 1325 4133 schol.
1349 4082 1397 4134 258
1418 4080 1440 4132 E

323 4165 348 4214 p.
453 4165 518 4203 erm.

342 4275 661 4342 ΝΟ2ιίπηρτημένωςΑ
727 4277 866 4335 5ι1υσίαν,
886 4280 900 4327 λ
920 4277 993 4326 rubr.
1013 4279 1036 4325 A
1102 4278 1174 4328 7τ“ον
1195 4279 1295 4328 om.M
1363 4279 1394 4329 10
1411 4276 1439 4330 Bk

310 4360 364 4396 om.
379 4347 407 4396 M
473 4346 500 4397 ll
516 4348 542 4398 δὲ
554 4347 646 4396 addidi
710 4347 739 4396 13
756 4348 972 4412 έρωτᾶς,έ1“ιιί)ι“.
987 4351 1010 4396 Α
1073 4347 1279 4416 14γῖιροηι.Μ
1345 4351 1439 4402 1516·

311 4437 369 4482 γους
388 4415 503 4484 βούλεται
519 4418 547 4467 M
612 4418 642 4467 17
657 4416 701 4476 τίις
716 4423 779 4468 ante
795 4403 929 4482 έκλτῶνκ
993 4419 1024 4471 18
1043 4420 1115 4472 οὐδέν
1133 4425 1170 4471 Α·
1232 4417 1344 4486 ταύταις]
1359 4418 1438 4484 ταότη

311 4488 364 4538 ΜΕ
427 4489 609 4551 οὕτωςὴόντως
628 4492 665 4539 Α·
728 4488 758 4536 19
776 4487 845 4553 μετὰ]
862 4490 961 4553 μὲντῆς
978 4491 1005 4539 Μ
1071 4495 1113 4542 καὶ
1131 4497 1192 4556 post
1206 4493 1255 4559 γὰρ
1269 4505 1325 4543 om.
1343 4493 1373 4541 Μ
1428 4482 1433 4496 ’

308 4559 340 4609 22
357 4559 515 4619 οό,οτυί)ι·.
532 4563 556 4610 Α
620 4560 650 4610 25
669 4564 694 4610 αἱ
711 4560 905 4625 προλυπήσεως
926 4560 954 4610 Μ
1018 4562 1050 4612 26
1067 4561 1120 4627 ὑπ’]
1137 4564 1180 4614 ἀπ’
1197 4564 1223 4613 Μ
1289 4562 1320 4614 27
1339 4565 1438 4614 ἐκδιδό-

310 4650 379 4694 μενοι
394 4635 418 4681 A
483 4630 513 4681 29
530 4630 621 4698 σχολὴ,
638 4649 687 4697 σχο
702 4630 776 4680 rubr.
796 4635 818 4679 A
883 4632 963 4682 ἔοικεν
982 4631 1052 4682 Plat.
