3120 5506
298 516 352 572 164-
677 503 819 562 ιιιιιιωι
840 508 1038 563 ψιιιοιοψοι·

197 671 262 738 [149]
296 671 465 747 πτερορρυεῑν
480 667 525 723 καὶ
543 667 586 724 έπί
600 669 650 738 την
663 677 716 746 γῆν
731 669 865 750 ρέρεσθαι.
880 704 920 714 -
933 671 968 726 Τδ
984 667 1013 726 δέ
1027 669 1078 727 έπί
1092 670 1151 740 τὴν
1165 679 1226 749 γῆν
1241 671 1323 748 πέση
1340 663 1417 750 λέγοι

297 766 345 839 μὲν
362 764 393 821 διν
412 774 466 843 γῆν
484 766 529 821 καί
547 773 633 822 πᾶσαν
648 767 699 835 τήν
718 767 831 845 γένεσιν,
849 766 926 845 λέγοι
941 765 965 824 δ’
979 767 1010 824 δν
1021 770 1067 825 καί
1081 770 1131 839 τήν
1148 767 1223 833 ίδίως
1238 769 1338 839 ταύτην
1352 777 1415 846 γῆν,

293 861 368 941 λέγοι
382 861 405 919 δ’
420 862 451 920 δν
466 864 511 920 καί
526 868 606 920 τοῦτο
620 864 651 920 τὸ
667 869 748 939 σῶμα
764 866 795 920 τὸ
810 865 952 944 ἀνθρώπου
967 867 1003 930 είς
1018 867 1090 923 δκαί
1104 865 1200 937 είσέδυ,
1217 864 1260 923 διὰ
1274 867 1305 923 τὸ
1319 864 1415 923 πλεῖσ-

196 980 223 1030 p.
231 964 279 1016 150
293 983 339 1018 τον
357 960 362 1038 Ι
379 969 431 1039 γῆς
453 963 587 1041 μετέχειν.
610 959 637 1017 '0
657 963 741 1036 νόμος
761 962 808 1018 οῦν
830 965 844 1019 δ
864 954 914 1035 τῆς
937 962 1105 1044 ’Δδραστείας
1122 947 1202 1021 τοῦτο
1223 962 1364 1045 χαρίζεται
1382 986 1415 1039 τη

233 1066 261 1139 15
292 1060 409 1139 πρώτως
419 1060 477 1123 ,άπὸ
492 1066 540 1117 τοῦ
554 1066 652 1132 νοητοῦ
668 1062 705 1125 είς
721 1062 825 1138 γένεσιν
839 1063 958 1139 πεσούσῃ
975 1066 1050 1142 ψυχῇ
1065 1063 1096 1120 τδ
1112 1065 1150 1137 μὴ
1168 1064 1206 1127 εἷς
1222 1063 1320 1142 θηρίου
1335 1067 1416 1136 σῶμα

293 1157 409 1228 εἰσιέναι,
426 1156 556 1214 ἀλλὰκαὶ
571 1157 608 1220 είς
625 1155 731 1236 ἀνδρός.
749 1158 886 1236 Πρώτην
901 1159 952 1238 γάρ
970 1161 1100 1237 γένεσιν
1116 1158 1196 1217 καλεῖ
1212 1161 1264 1230 τὴν
1282 1159 1350 1235 μετά
1365 1161 1416 1229 τήν

293 1256 359 1313 θέαν
373 1260 421 1311 τοῦ
439 1261 538 1327 νοητοῦ
553 1261 695 1312 κατιοῦσαν
711 1256 747 1319 είς
765 1255 868 1334 γένεσιν
883 1259 974 1336 ψυχὴν
988 1259 1033 1314 καὶ
1052 1258 1266 1337 συμπληροῦσιν
1283 1262 1365 1314 τοῦτο
1384 1258 1415 1313 τὸ

295 1356 372 1431 ζῷον.

335 1499 393 1578 μμ.
417 1498 516 1558 Ἀλλά
537 1502 595 1572 τήν
618 1502 674 1575 μέν
694 1500 847 1584 πλεῖστα]
870 1504 928 1563 248
951 1505 989 1565 D.

185 1723 190 1728 .
229 1650 260 1704 10
333 1650 444 1723 Πρῶτον
464 1650 543 1700 τοῦτο
566 1643 660 1722 ρἠτέον
681 1644 719 1706 ὡς
743 1642 807 1724 [δτι]
832 1643 998 1723 διαφέρουσιν
1021 1646 1048 1700 οί
1070 1644 1183 1701 ἐνταῦθα
1205 1641 1415 1723 παραδιδόμενα,

292 1741 367 1799 έννέα
382 1743 438 1820 βίοι
453 1748 508 1799 τῶν
522 1742 549 1798 ἐν
564 1740 726 1814 Πολιτείᾳ
740 1740 975 1823 παραδεδομένων.
990 1745 1070 1801 Οὔτοι
1085 1744 1134 1817 μὲν
1149 1743 1200 1822 γάρ
1213 1742 1301 1814 ἐννέα,
1317 1741 1416 1800 ἐκεῖνοι

292 1837 320 1897 δέ
342 1839 445 1919 ’άπειροι
461 1863 468 1877 ·
485 1842 530 1897 καί
551 1840 649 1898 έκεῖνοι
670 1842 719 1916 μέν
738 1842 806 1897 κατά
825 1842 871 1905 τάς
891 1843 1003 1921 αίρέσεις
1023 1850 1073 1913 τῆς
1092 1845 1183 1920 ψυχῆς
1197 1838 1413 1920 άπεκληροῦντο,

292 1940 366 1996 οὗτοι
387 1937 415 1996 δέ
433 1940 501 1996 κατά
521 1941 585 2018 γέρα
604 1941 649 1995 καί
667 1942 751 2015 τιμὴν
770 1939 850 2006 ἀξίως
868 1950 919 2012 τῆς
940 1940 1006 2004 θέας
1025 1946 1081 1997 τῶν
1098 1945 1204 2011 νοητῶν
1219 1940 1412 2014 άπονέμονται·

290 2040 334 2094 καί
349 2039 405 2096 ἐκεῖ
418 2040 466 2113 μέν
482 2039 533 2095 ἀπὸ
549 2038 690 2118 ἀνθρώπου
705 2039 742 2103 εἰς
754 2039 851 2118 κηρίον
866 2041 910 2095 καί
922 2038 975 2095 ἀπὸ
990 2039 1091 2118 θηρίου
1107 2038 1146 2102 εἷς
1160 2037 1299 2117 άνθρωπον
1311 2036 1413 2115 ἐγίνετο

228 2144 258 2194 15
290 2141 307 2208 ἡ
332 2134 480 2212 μετάδοσις
503 2143 537 2214 τῇ
562 2141 650 2218 ψυχῇ,
677 2137 789 2194 ἐνταῦθα
811 2136 840 2194 δὲ
862 2138 953 2212 μόνως
976 2139 1012 2201 είς
1034 2136 1174 2216 ἄνθρωπον
1195 2138 1241 2195 καὶ
1261 2142 1356 2192 τοῦτον
1376 2136 1413 2199 είς

291 2233 374 2314 ἄνδρα
391 2235 435 2313 (ού
454 2237 505 2314 γάρ
527 2236 565 2300 είς
582 2234 719 2313 γυναῖκαλ·
740 2236 785 2291 καί
803 2235 834 2291 τό
853 2257 883 2313 γε
902 2237 1029 2314 μέγιστον
1048 2236 1089 2292 δτι
1104 2235 1218 2292 ἐνταῦθα
1233 2234 1282 2310 μέν
1297 2233 1413 2312 πρώτως

291 2333 343 2390 άπὸ
356 2339 404 2390 τοῦ
418 2340 517 2407 νοητοῦ
531 2336 569 2396 είς
585 2336 690 2411 γένεσιν
707 2333 847 2404 είσεισινη
864 2336 950 2414 ψυχὴ,
968 2332 1023 2391 ἐκεῖ
1043 2332 1072 2390 δέ
1090 2335 1135 2390 καί
1154 2333 1206 2390 ἀπὸ
1223 2330 1312 2389 ἄλλου
1331 2328 1410 2408 βίουΙ

179 2428 429 2495 ·ί”611ἐίςάλλον
447 2434 516 2510 βίον.
535 2434 583 2489 Καὶ
598 2432 672 2496 δ’λως
689 2430 859 2512 λεπτουρχων
877 2430 982 2496 πολλάς
1002 2431 1032 2489 διν
1052 2431 1139 2511 εύροις
1161 2429 1289 2512 διαφοράς
1309 2429 1414 2486 τούτων

290 2553 319 2589 τε
334 2532 476 2588 κάκείνων·
496 2528 535 2588 ἔτι
551 2531 579 2588 δε
597 2533 642 2587 καί
660 2537 741 2588 τοῦτο
757 2532 905 2610 ἀναγκαῖον
925 2530 955 2587 δν
975 2522 1222 2605 μνημονεύσωμεν,
1244 2528 1285 2585 δτι
1299 2528 1413 2585 ἐνταῦθα

226 2634 258 2685 20
290 2628 356 2686 αύτά
369 2629 401 2685 τά
417 2628 477 2702 είδη
493 2635 547 2686 τὼν
566 2631 642 2704 ζῴων
658 2629 798 2699 ἐκτίθεται,
817 2629 848 2686 ού
868 2629 975 2692 πάντως
990 2628 1096 2692 καὶτὰς
1112 2629 1197 2710 τύχας
1210 2628 1256 2683 καί
1269 2628 1318 2690 τάς
1335 2626 1413 2690 ἐκτὸς

280 2729 467 2807 περιστάσεις,
486 2732 544 2785 οἷον
558 2729 780 2807 στρατιωτικδνί]
798 2728 948 2805 βασιλικὸν,
964 2727 995 2783 ού
1010 2729 1118 2790 πάντως
1134 2727 1180 2783 τὸν
1194 2725 1222 2782 έν
1239 2725 1338 2788 ὅπλοις
1355 2719 1413 2791 ἐξε-

288 2826 436 2900 ταζόμενον
457 2825 502 2884 καί
522 2822 614 2898 τοιᾷδε
633 2825 705 2905 τύχη
727 2825 881 2905 χρώμενον,
903 2821 976 2879 ἀλλά
990 2824 1035 2880 τὸν
1050 2821 1120 2895 είδος
1137 2825 1209 2893 ζωῆς
1225 2819 1330 2878 τοιόνδε
1345 2842 1413 2901 προ·

289 2918 473 2998 δούλημένον,
494 2923 532 2988 ὡς
554 2924 599 2978 καί
618 2921 644 2978 ὲν
666 2920 808 3003 ριλοσδριμ
828 2923 891 3001 ιρέρε
909 2923 940 2977 τὸ
962 2919 1035 2984 εἶδος
1055 2930 1103 2993 τῆς
1122 2928 1318 2998 στρατιωτικῆς
1338 2921 1412 2989 ζωῆς

289 3019 474 3100 ἐμφαίνεσθαι·
498 3019 526 3076 έν
548 3016 576 3075 δέ
598 3018 758 3091 Πολιτείᾳ
778 3021 822 3075 καὶ
843 3018 991 3083 αύτάςυτάς
1013 3019 1100 3099 τύχας
1123 3018 1260 3096 αίρεῑσθαί
1281 3039 1349 3097 φησι
1369 3017 1414 3072 καί

227 3125 256 3175 25
289 3116 462 3177 ἀποδίδοσθαι
480 3118 585 3183 αὐταῖς.
602 3120 701 3175 Λοιπὸν
716 3116 744 3175 δὲ
758 3124 836 3174 τοῦτο
853 3117 983 3189 ζητητέον
996 3117 1111 3196 πότερον
1126 3114 1190 3173 δλον
1201 3116 1233 3172 τδ
1247 3112 1352 3182 πλάτος
1366 3122 1415 3185 τῆς

291 3221 364 3289 ζωῆς
379 3218 419 3281 εἷς
434 3218 544 3281 τούτους
557 3206 623 3280 ’τοῦς
637 3216 712 3274 ἐννέα
728 3218 803 3294 βίους
816 3215 1030 3291 κατατέτμηται,
1044 3216 1061 3286 ἢ
1076 3213 1273 3273 ίιπολέλειπταί
1288 3235 1328 3277 τις
1345 3211 1412 3283 άλλη

288 3309 387 3381 ἔξωθεν
406 3311 545 3393 διαίρεσις,
566 3313 627 3384 ἥτις
647 3317 716 3388 ἡμῖν
737 3311 801 3370 δέκα
820 3314 837 3383 ί,
856 3312 969 3376 πλείους
984 3314 1094 3383 ποιήσει
1112 3311 1175 3375 τοῦς
1198 3309 1287 3387 βίους·
1309 3310 1342 3365 τδ
1362 3310 1414 3388 γάρ

289 3413 352 3471 αύτδ
366 3419 477 3493 πρᾶγμα
490 3411 549 3470 κατ’
564 3411 653 3476 ἄλλας
668 3414 713 3469 καὶ
728 3396 962 3477 άλλαςέπιθολάς
978 3409 1090 3468 δυνατὸν
1107 3410 1146 3475 εἷς
1161 3407 1253 3466 πλείω
1267 3409 1311 3464 καί
1329 3405 1415 3465 ἐλάτ-

287 3533 352 3568 τονα
366 3518 471 3587 τεμεῖν·
488 3511 524 3576 ὡς
536 3511 564 3568 ἐν
579 3507 719 3584 Φιληύῳ
736 3511 784 3584 μέν
798 3516 868 3590 τρεῖς
883 3510 944 3574 τοῦς
960 3508 1048 3586 βίους,
1063 3507 1090 3565 έν
1105 3505 1267 3577 Πολιτείᾳ
1280 3503 1309 3563 δέ
1321 3505 1412 3564 πέντε.

226 3617 256 3666 30
288 3609 368 3685 Ἡμῖν
389 3607 417 3666 δὲ
438 3607 601 3667 έπιδεικτέον
623 3609 664 3665 δτι
684 3615 730 3664 νῦν
749 3616 802 3664 πᾶν
822 3609 852 3664 τὸ
872 3606 976 3671 πλάτος
995 3616 1047 3678 τῆς
1070 3609 1142 3677 ζωῆς
1161 3607 1197 3670 είς
1217 3603 1330 3667 τούτους
1349 3603 1413 3665 τούς

288 3708 362 3766 έννέα
379 3708 455 3786 βίους
468 3708 694 3783 κατανενέμηται.
710 3708 848 3787 Τεσσάρων
862 3705 1026 3763 οὗντούτων
1040 3706 1102 3785 περί
1116 3705 1164 3762 τὸν
1180 3702 1321 3784 άνθρωπον
1337 3713 1415 3760 θεω-

288 3805 440 3887 ρουμένων,
459 3805 556 3885 λόγου,
576 3813 680 3882 θυμοῦ,
700 3805 856 3882 ἐπιθυμίας,
878 3807 996 3884 φύσεως,
1013 3808 1031 3876 ἡ
1049 3803 1125 3885 ψυχὴ
1148 3807 1166 3874 ἡ
1186 3801 1356 3861 κατελθοῦσα
1373 3801 1414 3865 είς

317 4055 347 4108 11
365 4054 760 4121 Rep.V11154⁴o‚x618A
824 4049 946 4104 29Phil.
964 4063 1036 4117 pass.
1101 4049 1325 4117 θεμΧ618Α.

317 4188 379 4242 ΤΙΤ
401 4190 433 4241 10
454 4181 523 4243 οῦτοι
542 4196 566 4242 οί
585 4193 654 4242 ἐννέα
676 4193 725 4256 βίοι
746 4193 770 4241 τί
791 4192 935 4257 διαφέρουσι
954 4198 1003 4240 τῶν
1025 4191 1050 4240 έν
1073 4188 1224 4258 Πολιτείᾳ
1245 4190 1306 4253 βίων
1329 4185 1352 4237 C

286 4263 314 4314 31
332 4272 385 4323 πῶς
404 4268 431 4316 ἐκ
446 4267 590 4330 διαιρέσεως
605 4266 729 4314 δείκνυσιν
746 4262 803 4313 ὅλον
818 4263 846 4313 τδ
861 4261 953 4320 πλάτος
967 4268 1010 4324 τῆς
1028 4259 1091 4324 ζύης
1108 4261 1142 4319 είς
1156 4255 1259 4316 τούτους
1278 4261 1351 4324 βίους
1366 4277 1416 4309 κα·

285 4339 430 4401 τατίτμηται
448 4336 511 4401 (leg.
527 4334 769 4399 κατατετμῆσθαι)0

317 4466 648 4530 ΝΟθάλλά,άιίιί)ι·.Α
711 4467 742 4516 10
756 4466 793 4518 δτι
808 4465 909 4518 seclusi
975 4463 1272 4533 11παραδιδομένωνΜ
1343 4464 1374 4514 12
1389 4464 1417 4515 δέ

284 4552 338 4588 om.
356 4539 383 4588 M
450 4537 648 4604 άπεκληροῦντο]
667 4539 869 4604 άποκληροῦνται
889 4537 917 4585 M
983 4536 1013 4586 16
1030 4542 1151 4601 γυναῖκας
1170 4535 1200 4584 Μ
1263 4534 1295 4583 22
1311 4533 1369 4600 τὸν]
1386 4536 1417 4585 τὺ

285 4603 314 4658 Μ
378 4608 409 4658 24
426 4608 453 4660 δέ
464 4621 519 4658 om.
537 4606 564 4656 Μ
630 4606 707 4666 αύτάς
722 4607 819 4671 scripsi
832 4606 1010 4657 dubitanter:
1027 4608 1111 4664 ἀλέτας
1124 4604 1187 4656 libri
1249 4605 1350 4668 φησίΑ

284 4679 316 4730 28
331 4680 447 4744 δυνατὸν]
462 4677 565 4731 δύναται
580 4681 616 4728 Α·
679 4679 710 4729 δθ
727 4677 885 4744 ἐπιδεικτέον]
901 4680 1060 4730 ἀποδεικτέον
1077 4678 1105 4727 Μ
