3248 5512
386 477 441 528 ΕΙΣ
462 480 522 529 TON
546 479 722 530 ΙΙᾹΑΤΩΝΟΣ
742 479 883 531 crispos
907 480 1030 532 rxodrd
1234 492 1264 542 35

63 633 115 700 [761
148 630 281 687 ἐπαινοῦσι
299 631 345 686 καὶ
365 628 476 708 ψέγουσι
494 631 566 710 παρὰ
585 631 615 687 τό
630 639 777 710 προσῆκον,
793 633 827 690 τά
843 633 892 708 μέν
905 639 996 697 κακῶς
1009 632 1143 713 κρίνοντες
1159 632 1202 690 διά
1216 636 1266 703 τήν

146 729 224 786 νόσον
235 728 268 785 τδι
280 726 308 785 δέ
323 727 468 793 δεδιότες
484 731 527 803 μὴ
541 730 768 810 ἀπέχθωνται.
783 731 848 788 Eira
863 732 1049 812 ἀνθυποροράς
1063 754 1134 797 τινας
1147 738 1266 789 ποιεῖται

147 830 186 883 ὧν
200 826 249 902 μία
261 829 309 901 μέν
321 827 391 883 ἐστιν
404 826 444 883 θ’τι
458 825 536 908 ριλία
550 824 659 904 βέόαιος
671 828 702 886 οό
715 827 1006 921 δόναταιάνενιέρωτος
1015 839 1153 900 συστῆναι·
1168 830 1226 887 λόει
1237 827 1266 886 δὲ

147 925 232 995 αὐτὴν
248 923 350 982 διάτοῦ
363 927 486 1006 καὶπρὸς
506 927 648 1006 πατέρας
662 930 707 985 καὶ
723 926 857 1009 ἀδελροῦς
874 929 918 984 καὶ
931 928 1080 999 ἡλικιώτας
1094 929 1210 1007 γίνεσθαι
1225 950 1266 1008 ρι-

43 1024 130 1074 Μθῐ·
149 1022 211 1086 λίας
220 1020 348 1101 βεόαίους
357 1023 562 1105 χωρίςέρωτος.
575 1027 581 1112 Ι
594 1026 707 1107 Δεντέρα
718 1025 747 1085 δέ
757 1026 825 1084 ἐστιν
834 1028 875 1083 ότι
885 1033 956 1090 τοῖς
969 1025 1144 1102 δεομένοις
1160 1025 1267 1101 μᾶλλον

148 1119 188 1179 δεῖ
202 1122 333 1203 παρέχειν
348 1123 366 1194 ἡ
383 1130 440 1187 τοῖς
458 1126 508 1199 μὴ·
528 1125 660 1183 ἐνίσταται
679 1125 707 1182 δέ
722 1126 769 1182 καὶ
784 1126 868 1202 ταῦτῃ
884 1125 925 1182 ότι
940 1127 1028 1188 οὕτως
1044 1124 1074 1182 ἀν
1088 1131 1145 1189 τοῖς
1164 1126 1268 1182 αἰτοῦσι

147 1222 246 1301 τροράς
261 1222 306 1276 καί
320 1221 373 1284 τάς·
384 1223 514 1286 ἑστιάσεις
527 1225 695 1305 παρέχοιμεν
709 1225 754 1281 καί
769 1223 799 1280 οὖ
815 1230 870 1288 τοῖς
882 1219 979 1290 ἀξίοις.
991 1222 1084 1303 Τρίτον
1099 1223 1123 1280 εί
1138 1221 1178 1279 δεῖ
1187 1227 1266 1298 κοινῇ

147 1324 211 1374 πᾶσι
230 1325 302 1382 τοῖς
324 1320 367 1394 μὴ
388 1319 487 1400 ἐρῶσι
505 1321 721 1402 χαρίζεσθαι·
742 1328 822 1378 τοῦτο
841 1320 880 1393 δὲ,
899 1322 973 1402 ρησί,
990 1322 1035 1377 καὶ
1051 1323 1077 1377 οἱ
1097 1320 1202 1400 ἐρασταί
1220 1320 1269 1376 οῦκ

148 1411 307 1482 ἀξιώσουσιν
321 1418 390 1475 ὥστε
405 1427 469 1475 πᾶσι
483 1425 542 1484 τοῖς
558 1420 639 1499 έρὼσι
652 1421 791 1501 παρέχειν.
809 1419 867 1476 Ἐπί
878 1427 944 1477 πᾶσι
956 1417 1105 1500 κεράλαιον
1119 1419 1214 1491 έθηκεν
1230 1420 1270 1475 ότι

53 1530 80 1580 p·
96 1516 127 1566 77
148 1520 225 1578 τοῦς
249 1515 394 1594 ἐρῶντας
413 1516 418 1595 Ι
435 1518 480 1573 καὶ
503 1519 530 1573 oi
552 1519 647 1575 οἰκεῖοι
668 1522 882 1575 νουθετοῦσιν
904 1518 946 1582 ὡς
968 1523 1072 1574 κακοῦ
1097 1515 1190 1582 ὄντος
1214 1523 1269 1574 τοῦ

149 1612 422 1692 ἐπιτηδεύματος,
445 1615 506 1680 τοῦς
527 1615 556 1672 δέ
576 1618 614 1692 μὴ
638 1617 756 1696 ἐρῶντας
778 1615 888 1680 οὐδεὶς
912 1617 1037 1676 αίτιῦται.
1059 1621 1148 1673 Ταῦτα
1169 1617 1218 1692 μὲν
1237 1617 1271 1672 τά

150 1710 291 1793 λεχθέντα.
308 1715 429 1771 Λῖτιᾶτοιι
443 1713 471 1771 δέ
487 1714 569 1772 αὐτοῦ
584 1718 598 1773 ό
615 1714 731 1772 Πλάτων
745 1722 852 1796 πρῶτον
864 1716 913 1790 μέν
923 1711 1044 1786 ἀταξίαν,
1057 1715 1094 1779 ὡς
1106 1710 1136 1781 ἐξ
1154 1715 1269 1777 ὑπτίας

82 1862 84 1872 ,
148 1813 203 1867 καὶ
221 1810 387 1869 ἀνάπαλιν
407 1814 502 1877 ἰόντος·
523 1810 613 1871 ἔπειτα
632 1815 662 1871 τδ
684 1816 721 1889 μὴ
742 1814 885 1890 ἡνωμένον
904 1819 959 1870 τῶν
981 1812 1202 1893 ἐπιχειρημάτων
1223 1813 1270 1868 ἀτε

151 1907 288 1985 μηδεμίαν
303 1919 353 1983 τῆς
369 1907 519 1978 συντάξεως
540 1910 629 1968 αὐτῶν
649 1912 797 1991 ἀνάγκην
817 1911 935 1992 έχοόσης
956 1912 1026 1969 ὥστε
1045 1909 1108 1968 τόδε
1126 1911 1193 1987 μετά
1210 1908 1271 1968 τόδε

85 2007 116 2060 15
149 2013 264 2066 κεῖσθαι·
283 2009 330 2065 καί
353 2009 394 2066 ότι
414 2011 444 2067 τθ
466 2011 555 2066 κοινόν
577 2011 621 2067 καὶ
641 2019 705 2067 πᾶσι
725 2011 869 2090 πρόχειρον
888 2008 1012 2089 εἴρηκεν,
1030 2010 1098 2066 ότιθ
1120 2009 1169 2084 μὲν
1185 2013 1269 2080 νοσεῖ,

149 2109 164 2163 θ
184 2105 212 2162 δέ
231 2114 374 2186 σωφρονεῖ·
396 2107 445 2165 εἶθ’
465 2108 506 2164 θ’τι
526 2107 573 2173 δίς
590 2108 644 2165 καί
667 2111 736 2189 τρίς
756 2111 794 2165 τά
814 2108 895 2164 αῦτά
918 2105 1039 2188 είρηκεν·
1064 2106 1114 2165 εἶθ’
1135 2106 1177 2163 ὅτι
1201 2105 1272 2182 μηδὲ

150 2211 234 2261 ταῦτα
254 2207 314 2262 είπε
331 2206 364 2262 τάι
384 2204 549 2287 ἐνδεχόμενα
570 2207 667 2267 εἰπεῖν.
688 2208 796 2264 Τοῦτων
815 2205 843 2263 δέ
861 2205 974 2263 ’ἑκαστον
992 2206 1035 2262 ἐπὶ
1055 2213 1105 2277 τῆς
1124 2202 1270 2271 ἐξετάσεως

151 2304 235 2376 αὐτῆς
249 2304 296 2360 καί
310 2307 393 2379 ἡμεῖς
409 2308 630 2384 παραστήσομεν·
647 2306 713 2386 πρὸς
728 2304 756 2361 δὲ
770 2306 874 2368 τούτοις
896 2301 1022 2380 δείξομεν
1042 2306 1083 2360 ότι
1101 2305 1146 2360 καὶ
1163 2302 1272 2360 ἐναντία

150 2399 262 2479 είρηκεν
281 2402 368 2476 ἑαυτῷ
387 2402 432 2457 καί
451 2407 485 2478 τῇ
506 2403 627 2460 ἀποθέσει
643 2405 688 2459 καί
707 2405 779 2482 παρὰ
793 2405 842 2474 τὴν
857 2402 977 2482 ἱστορίαν
992 2404 1037 2458 καὶ
1052 2399 1150 2476 ψευδῆ.
1167 2399 1271 2457 Είδέναι

87 2499 119 2550 20
150 2497 178 2555 δέ
190 2497 231 2556 δεῖ
246 2500 287 2556 ότι
303 2499 385 2557 αὐτοῦ
400 2499 499 2557 Λυσίου
515 2503 529 2556 ό
545 2498 628 2579 λόγος
643 2502 720 2566 οῦτός
733 2501 797 2570 ἐστι,
813 2502 858 2558 καὶ
873 2502 982 2581 φέρεται
997 2498 1024 2556 έν
1038 2505 1098 2562 ταῖς
1115 2498 1271 2570 ἐπιστολαῖς

151 2604 210 2662 ταῖς
224 2597 326 2655 ἐκείνου
339 2596 518 2673 εὐδοκιμοῦσα
531 2581 576 2655 καί
592 2599 659 2671 αῦτη
675 2603 692 2670 ἡ
708 2597 849 2671 έπιστολὴ·
864 2597 994 2676 βούλεται
1009 2597 1037 2654 δέ
1049 2598 1142 2677 ἀτρὸς
1151 2597 1272 2676 παρόντα

152 2695 211 2754 είπε
225 2698 271 2753 τόν
286 2696 405 2777 Φαῖδρον
418 2699 464 2754 καὶ
478 2698 582 2754 ἀπόντα
597 2698 675 2754 αὐτὸν
691 2700 857 2772 ὑπομνῆσαι.

190 2883 243 2951 κζ’.
266 2883 314 2948 Ὠς
342 2883 486 2949 ἐκείνοις
513 2885 570 2960 μἐν
597 2885 670 2942 τότε
699 2883 884 2959 μεταμέλει
903 2885 946 2940 ὧν
973 2881 1008 2938 ἀν
1035 2881 1069 2939 εῦ
1093 2882 1269 2957 ποιὴσωσι]

151 2984 209 3040 231
224 2981 262 3045 Α.

88 3171 116 3219 „¹
191 3155 268 3212 Τοῦτ’
285 3155 349 3212 αότδ
368 3161 477 3235 πρῶτον
494 3164 544 3227 τῆς
561 3152 670 3222 ἀταξίας
686 3156 716 3212 τὸ
736 3156 762 3213 ἐν
776 3156 848 3237 ἀρχῇ
865 3155 1044 3237 ἐπιχείρημα.
1061 3158 1105 3226 Mi,
1122 3155 1204 3213 εἰπὼν
1220 3156 1271 3235 γὰρ

152 3253 207 3319 οἶός
221 3253 290 3311 ἐστιν
305 3253 373 3333 ἐρῶν
389 3256 403 3310 ό
418 3254 541 3333 έραστὴς,
562 3252 638 3332 λέγει
652 3254 693 3317 τίς
710 3254 780 3311 ἐστιν
800 3253 905 3312 ἐπειδᾶν
927 3255 1063 3326 παῦσηται
1079 3253 1157 3333 ἐρῶν·
1176 3278 1191 3307 ι(
1207 3254 1271 3315 τοῦς

150 3350 234 3416 πόδας
250 3377 264 3406 ιι
282 3352 347 3432 οραίη
362 3351 393 3408 ἀν
404 3375 443 3415 τις
460 3377 473 3406 ιι
488 3352 611 3432 πρῑθτους
625 3353 737 3425 τέθεικε,
751 3354 800 3422 τὴν
815 3351 843 3409 δὲ
857 3354 981 3434 κεραλὴν
996 3353 1115 3431 ὑστέραν.
1133 3375 1148 3406 ν
1165 3351 1209 3414 Ὠς
1221 3351 1272 3430 γὰρ

183 3621 360 3672 12-13264Α
426 3621 453 3669 ld
472 3621 509 3670 ci.
530 3619 614 3671 264ss
678 3618 709 3669 16
723 3619 770 3668 235
790 3620 813 3667 Α
876 3617 907 3668 20
926 3622 1066 3675 ἐπιστολαῖς
1083 3630 1151 3680 quas
1167 3622 1272 3679 sepiem

152 3707 213 3744 esse
231 3693 338 3744 Surnss
357 3691 404 3746 air.
423 3704 539 3755 quarum
559 3690 681 3754 quinque
701 3690 736 3739 ad
753 3689 967 3738 adulescentes:
984 3688 1032 3738 sed
1049 3690 1124 3738 solus
1146 3687 1272 3736 Hermias

151 3765 283 3815 intereas
302 3764 377 3813 hunc
397 3765 515 3830 ἐρωτικὸν
534 3766 609 3828 λόγον
628 3761 694 3811 dicit
707 3760 846 3810 numerari
910 3760 988 3810 cfr-27
1005 3759 1110 3810 abessa
1125 3759 1271 3823 paroemio-

151 3837 317 3901 graphorum
332 3835 446 3900 syllogis
460 3848 476 3884 a
492 3835 651 3885 Lru‘rscnro
666 3832 745 3882 editis

184 3988 230 4038 NC
244 3988 287 4039 1-2
300 3990 326 4039 τό
339 3989 411 4052 μὲν...
422 3991 449 4039 τὸ
463 3988 489 4039 δὲ
501 3986 586 4038 schol.
651 3987 664 4034 θ
680 3986 710 4037 οῦ
725 3981 826 4036 δόνσσαι
837 3996 890 4035 om.
903 3984 1004 4034 sebui:
1015 3984 1118 4035 addidit
1130 3983 1272 4034 Ηιειιιιιιιιι

153 4073 186 4109 ex
212 4059 325 4109 Hermia
385 4060 524 4122 θθριλίσις
543 4072 597 4108 om.
618 4057 703 4107 schol.
769 4056 931 4123 ἀβεόαίους]
959 4059 1061 4120 βεόαίαν
1079 4054 1164 4105 schol.
1227 4053 1272 4116 τὴν

154 4133 229 4198 χωρὶς
246 4131 331 4181 schol.
396 4135 461 4181 ἐστιν
481 4129 598 4192 scripsi:
616 4128 677 4192 αῦτη
695 4127 756 4178 libri
774 4133 801 4178 ct
815 4124 901 4178 schol.
965 4125 980 4175 6
998 4129 1041 4177 καί
1060 4122 1148 4190 ταότη]
1170 4127 1274 4177 ἐνταῦθα

152 4201 236 4252 schol.
302 4202 483 4268 7παρὲχοιμεν
506 4200 602 4263 scripsi
627 4199 729 4249 scholia
750 4199 893 4249 Platonica
910 4203 1040 4247 secutus:
1057 4186 1206 4263 παρέχωμεν
1226 4198 1273 4246 A:

153 4276 295 4339 παρέχομεν
307 4273 334 4322 Μ
399 4275 488 4339 τρίτον,
504 4271 626 4334 intelieg.
644 4273 734 4337 ἀπορεῖ
796 4271 817 4319 εί
831 4271 867 4318 δεῖ
881 4276 952 4342 κοινῇ
968 4267 1081 4331 scripsi:
1098 4270 1119 4317 εί
1134 4270 1171 4317 δεῖ
1184 4276 1275 4325 κοινῶς

153 4343 236 4394 schol.
254 4359 259 4393 t
276 4352 347 4418 κοινῇ,
362 4346 383 4394 εί
398 4347 435 4394 δεῖ
450 4343 489 4405 (δὴ
505 4343 534 4390 M
550 4357 556 4390 :
573 4349 728 4392 correxerat
744 4342 811 4403 Asr)
827 4339 889 4388 libri
952 4339 984 4388 10
998 4344 1022 4389 οι
1040 4353 1094 4388 om.
1110 4333 1138 4387 M
1205 4339 1275 4396 ὄντος

153 4420 232 4466 κακοῦ
246 4416 314 4466 Plat.
378 4419 422 4466 τοῦ
434 4428 488 4465 om.
501 4414 586 4464 schol.
653 4414 681 4461 12
697 4414 723 4464 δὲ
738 4415 813 4464 αὑτοῦ
827 4424 881 4460 om.
893 4410 978 4460 schol.
996 4410 1077 4473 (quod
1091 4418 1153 4473 post
1168 4408 1275 4458 Πλάτων

154 4485 259 4552 desinit)
324 4486 435 4549 ἀταξίαν]
457 4488 557 4543 ἀταξίας
575 4485 602 4533 Μ
670 4485 699 4535 14
719 4482 843 4548 ἀνάγκην]
865 4481 963 4546 ἀνάγκη
984 4483 1010 4531 Μ
1036 4480 1101 4543 iiam
1121 4484 1276 4531 correxerat

155 4559 219 4618 Aer)
271 4557 301 4608 16
317 4557 350 4622 μὴ
364 4559 428 4609 ris
480 4558 509 4606 21
526 4554 597 4621 αὕτη]
609 4554 690 4619 urzi?
742 4554 994 4613 23‹1›;‚drrubr.A
1052 4552 1193 4615 ποιήσωσιν
1205 4551 1274 4600 Prar.

212 4628 242 4679 25
260 4631 320 4681 αῦτο
335 4628 428 4692 scripsi
445 4628 479 4679 cl.
497 4628 537 4686 36,
552 4627 636 4688 12,19
650 4627 684 4676 al.
703 4642 709 4676 ι
730 4626 807 4678 αὑτοῦ
822 4624 885 4674 libri
947 4624 978 4674 27
993 4621 1108 4691 Ιζιστόρσιν]
1123 4623 1226 4689 ὕστερον
1245 4622 1274 4672 Μ
