3150 5504
380 478 434 535 ΕΙΣ
456 486 517 536 TON
539 481 715 536 ΠλΛΤΩΝΟΣ
737 482 879 537 &Ampor
900 490 1022 540 ΣΧΟΜΑ
1231 493 1261 552 97

40 642 107 707 [110]
140 634 225 693 ελθὼν
244 634 448 713 ἀπολοχησηται
465 638 502 712 τῷ
520 633 683 707 ἀδικηθέντι,
704 633 813 693 ἀναλύει
831 637 862 693 τὸ
881 636 1003 712 ἀδίκημα
1017 639 1062 695 καί
1083 639 1262 697 ἀνυπεύθυνον

33 754 58 803 p.
76 738 122 791 111
140 734 234 790 ἑαυτὸν
251 738 325 790 ποιεῖ
340 738 374 808 τῇ
395 731 467 809 δίκη,
490 732 554 789 ὅταν
573 732 602 789 δὲ
615 734 718 812 πατρός
737 733 741 811 ί
759 755 800 798 τις
819 733 941 809 ἀδίκημα
960 733 1077 812 ἀναλύῃ,
1096 739 1125 794 ὃν
1143 738 1263 817 ἥρπασεν

142 832 242 897 ἐκεῖνος
257 833 339 912 ἀγρὸν
352 830 415 912 φέρε
430 829 586 904 ἀποδιδούς,
601 833 694 889 ἑαυτόν
707 854 736 890 τε
750 833 929 890 ἀνυπεύθυνον
945 840 1019 891 ποιεῖ
1032 840 1066 910 τῇ
1079 834 1156 912 δίκη,
1170 839 1220 908 τήν
1232 859 1263 894 τε

141 931 233 1011 ψυχὴν
253 935 301 986 τοῦ
323 929 436 1008 πρώτως
458 930 626 1008 ἁρπάσαντος
649 929 814 1011 ίπικουηίζει
832 931 877 987 καὶ
898 929 999 1012 ὠφελεῖ
1020 931 1115 1011 (ταῦτα
1134 933 1225 991 δὲκαὶ
1244 938 1262 1005 ἡ

79 1028 95 1076 5
140 1027 283 1099 τελεστικὴ
309 1036 409 1086 Ξᾰττον
433 1026 525 1108 ἰᾶται),
551 1028 595 1101 ἐὰν
617 1027 709 1103 μέντοι
733 1029 786 1086 ἀπὸ
811 1031 950 1109 προγόνων
976 1032 1095 1110 ἀρπάσας
1120 1033 1192 1113 τύχη
1216 1034 1264 1090 τὸν

141 1128 223 1208 ἀγρὸν
244 1129 289 1183 καὶ
310 1123 406 1207 ἑφεξῆς
429 1125 495 1183 θ’λον
515 1127 545 1182 τὸ
565 1128 644 1205 γένος
666 1131 816 1208 χρήσηται,
838 1135 947 1208 πρῶτον
971 1131 1019 1203 μὲν
1043 1128 1146 1202 ἀδηλον
1168 1131 1263 1189 λοιπὸν

140 1226 240 1303 γίνεται
253 1227 283 1282 τὸ
298 1224 420 1300 ἀδίκημα
436 1226 480 1280 καὶ
496 1225 581 1301 ταύτῃ
601 1223 805 1306 δυσιατώτερον,
821 1222 915 1283 ἔπειτα
929 1224 1016 1283 δὲκαὶ
1032 1230 1046 1284 ὁ
1061 1229 1158 1309 χρόνος
1175 1229 1264 1309 ὥσπερ

142 1331 230 1404 ρυσιοῖ
253 1325 283 1380 τὸ
308 1325 400 1384 κακόν,
428 1325 476 1380 Διά
498 1321 532 1393 δὴ
554 1329 633 1380 τοῦτο
655 1323 788 1388 πολλάκις
812 1327 839 1382 οί
860 1327 922 1382 3εοῖ
943 1326 1142 1406 προρητεύουσι
1161 1329 1206 1384 καὶ
1226 1330 1264 1392 είς

143 1420 238 1479 τούσδε
260 1423 321 1488 τοῦς
340 1423 439 1487 τύπους
462 1420 594 1480 ἀπελθεῖν
614 1424 659 1479 καί
680 1422 902 1501 ἀπολογήσασθαι
922 1422 990 1496 τῷδε
1014 1431 1053 1498 τῷ
1075 1425 1219 1505 ἀνθρώπῳ,
1242 1428 1265 1500 ᾦ

77 1516 111 1567 10
144 1516 281 1597 μηδέποτε
302 1521 439 1603 γνώριμος
460 1521 566 1599 γέγονε,
589 1522 634 1577 καὶ
655 1515 876 1594 ἐξευμενίσοισθαι
894 1519 982 1593 τόνδε,
1003 1520 1039 1577 'iv'
1060 1523 1146 1587 οὕτως
1167 1523 1265 1588 ίάσεως

140 1620 212 1699 τύχη
231 1621 276 1676 καί
297 1620 432 1691 ἀποθῆται
450 1621 483 1676 τά
504 1618 621 1699 δυσχερῆ
645 1620 690 1676 καὶ
710 1619 846 1692 παύσηται
867 1619 1133 1694 ποινηλατούμενος.
1158 1628 1266 1702 Προρη·

141 1718 248 1777 τεύουσι
270 1716 299 1774 δὲ
320 1720 346 1774 οί
368 1719 431 1775 Ξεοὶ
452 1717 505 1798 οὐχ
525 1717 571 1774 ’ίνα
592 1719 643 1788 τὴν
663 1715 741 1790 δίκην
762 1716 905 1786 ἀνέλωσιν,
926 1716 991 1774 ἀλλ’
1007 1718 1052 1774 ’ίνα
1070 1719 1103 1775 τά
1120 1727 1170 1791 τῆς
1189 1717 1264 1792 δίκης

142 1817 407 1899 γένηταικαίρημεῐς
423 1816 646 1896 ἐπανορθούμεθα.

183 1914 214 1972 ‘fl
228 1914 370 1985 τελεστική
386 1913 443 1989 οῦν,
463 1913 531 1989 ᾤάν
545 1914 687 1993 ἐγγίνηται
701 1915 782 1973 αὐτόν
797 1937 828 1972 τε
841 1916 950 1996 ἀνορθοῖ
968 1917 1014 1972 τὸν
1031 1914 1129 1997 ἔχοντα
1147 1918 1198 1987 τήν
1215 1939 1265 1991 με·

79 2015 111 2066 15
144 2016 216 2085 νίαν,
232 2016 275 2071 καί
294 2012 328 2070 δι’
343 2013 424 2070 αύτοῦ
442 2014 488 2069 καί
506 2011 608 2079 ἀλλους
627 2012 749 2077 πολλοῦς
770 2014 860 2088 σῴζει·
880 2014 968 2094 ὥσπερ
984 2013 1017 2101 δη
1036 2016 1081 2071 καί
1100 2015 1143 2072 ἐπὶ
1163 2015 1266 2072 ἐκείνου

144 2111 255 2193 λέγεται
274 2118 322 2170 τοῦ
341 2113 472 2188 τεμόντος
486 2113 538 2182 τὴν
554 2111 616 2192 δρῦν
632 2114 678 2169 καί
692 2112 934 2193 παρακαλουμένου
949 2114 1000 2170 ύπὸ
1019 2123 1069 2185 τῆς
1090 2113 1204 2195 Νύμφης
1226 2116 1264 2190 μη

143 2219 251 2289 τεμεῖν,
272 2212 348 2286 ὅμως
369 2212 418 2268 ούκ
437 2210 575 2293 ἐρείσατο,
597 2210 662 2269 ἀλλ’
683 2207 764 2286 ἔτεμε
782 2213 828 2268 καὶ
845 2209 933 2285 ἔμεινε
952 2211 1206 2287 ποινηλατούμενος
1219 2211 1265 2269 καί

144 2318 199 2369 τῶν
218 2312 376 2389 ἀναγκαίων
395 2316 501 2391 τροφῶν
523 2308 665 2386 δεόμενος,
687 2312 732 2366 καὶ
752 2307 780 2367 εί
796 2332 862 2367 ποτε
881 2310 926 2366 καί
939 2310 1062 2368 ἐνέπιπτέ
1073 2318 1179 2382 <τι>
1193 2311 1266 2384 αύτῷ

144 2411 221 2475 εύθῦς
242 2405 394 2490 ἐξεροριῖτο
414 2407 492 2489 ἄχρις
513 2411 544 2466 ού
564 2411 578 2465 ὁ
599 2408 732 2479 τελεστὴς
755 2408 827 2486 αύτῷ
848 2408 907 2466 είπε
928 2409 1023 2484 βωμὸν
1044 2405 1200 2487 ἱδρύσασθαι
1220 2406 1265 2464 καὶ

80 2508 113 2559 PM
145 2515 228 2574 Ξῦσαι
248 2507 314 2584 τῇδε
335 2513 368 2583 τῇ
389 2507 501 2588 Νύμρη’
524 2508 570 2563 καί
594 2508 680 2572 ούτως
704 2507 838 2564 ἐπαύσατο
860 2514 916 2563 τῶν
937 2512 1093 2587 συμφορῶν.
1117 2504 1213 2580 ’Άλλιμ
1239 2505 1266 2562 δὲ

147 2607 397 2687 μητροκτονήσαντι
413 2606 487 2663 είπεν
500 2607 514 2661 ὁ
529 2605 594 2669 θεὸς
611 2608 725 2685 ζητῆσαι
739 2604 825 2677 ἀλλην
840 2614 893 2683 γῆν
909 2605 980 2684 παρά
994 2606 1042 2675 τήν
1057 2603 1138 2661 ούσαν
1152 2606 1197 2660 καί
1212 2601 1267 2660 ἐκεῖ.

146 2707 292 2778 οίκῆσαι,θ
313 2703 351 2777 δὲ,
368 2713 447 2776 νῆσον
465 2702 637 2761 ἀναδοθεῖσαν
657 2705 708 2760 ὑπὸ
728 2709 774 2760 τοῦ
794 2709 920 2777 ποταμοῦ
939 2698 1089 2777 συμύαλὼν
1107 2701 1264 2774 δηλοῦσθαι,

145 2803 270 2861 ἀπελθὼν
284 2801 387 2878 ᾤκησε,
403 2804 448 2859 καὶ
462 2801 596 2859 ἐπαύσατο
610 2801 874 2875 ποινηλατσύμενος.
893 2801 990 2866 Καλῶς
1010 2798 1039 2857 δὲ
1052 2796 1182 2880 προέταξε
1201 2799 1265 2863 τοῦς

145 2901 304 2980 καθαρμούς
318 2906 373 2957 τῶν
384 2897 517 2958 τελετῶν·
535 2902 560 2956 οί
576 2900 624 2974 μὲν
638 2901 688 2979 χάρ
703 2897 919 2956 ἀπαλλάττουσιν
936 2903 1010 2974 ἡμᾶς
1026 2905 1079 2956 τῶν
1096 2898 1264 2977 ἀλλοτρίων,

80 3000 112 3049 25
144 3003 173 3058 αἱ
194 2998 222 3057 δὲ
242 2999 348 3057 τελεταὶ
367 2999 462 3056 λοιπὸν
483 2996 642 3077 ἑνιδρύουσι,
662 3001 706 3054 καί
727 3004 817 3062 θεοῖς.
843 2993 974 3070 Ἐξάντη
999 2996 1027 3054 δὲ
1049 2997 1123 3075 λέχει
1143 2997 1199 3052 ἀντὶ
1220 3002 1266 3052 τοῦ

144 3100 261 3178 καθαρὸν
274 3100 319 3155 καὶ
333 3093 359 3164 ἐξ
377 3097 506 3168 ἐναντίας,
525 3099 543 3172 ᾗ
559 3088 669 3154 διέκειτο
688 3095 770 3154 πάλαι
786 3094 1049 3170 ποινηλατούμενος,
1065 3095 1123 3151 ἀντὶ
1139 3099 1187 3151 τοῦ
1203 3095 1266 3171 ύγιῆ

145 3201 190 3255 καί
204 3194 256 3265 ἔξω
272 3196 351 3270 ἄτης·
369 3198 399 3253 τὸ
413 3195 442 3253 δὲ
455 3196 470 3253 ῦ
484 3192 601 3274 ἔγκειται
617 3193 652 3253 δι’
668 3195 825 3270 εύστομίαν.

186 3348 220 3410 δ’.
248 3351 343 3429 Τρίτη
369 3347 402 3405 δὲ
425 3348 487 3404 ἀπὸ
512 3348 662 3424 Μουσῶν]
688 3347 745 3405 245
769 3346 805 3404 A.

185 3495 282 3572 Τρίτην
295 3495 396 3564 ταύτην
411 3493 462 3562 τὴν
479 3492 612 3566 μουσικὴν
628 3494 725 3567 μανίαν
738 3491 931 3573 παραδίδωσιν,
950 3492 1010 3563 ἥτις
1028 3493 1060 3548 τὰ
1076 3497 1131 3547 τῶν
1144 3489 1269 3547 παλαιῶν

85 3598 116 3646 30
147 3588 210 3671 ἔργα
225 3592 343 3666 ὑμνοῦσα
355 3593 399 3648 καί
414 3591 508 3670 ἀρετὰς
525 3591 570 3646 καὶ
587 3589 786 3666 ἐπιτηδεύματα
800 3589 843 3648 διά
860 3592 964 3669 μέτρων
980 3590 1130 3658 ἐντείνασα,
1148 3588 1269 3646 παιδεύει

122 3707 126 3729 ¹
147 3691 193 3746 τὸν
210 3689 282 3766 βίον.
300 3692 342 3761 Μή
358 3690 506 3766 Βαυμάσης
523 3686 562 3759 δὲ,
580 3690 603 3746 εί
622 3688 735 3746 ἐνταῦθα
753 3686 924 3757 παιδευτικὴν
943 3689 1011 3746 εἶναί
1032 3711 1098 3769 φησι
1117 3690 1166 3758 τὴν
1185 3710 1268 3760 ποιη-

181 3894 210 3944 16
223 3896 320 3959 λέγεται
332 3907 338 3943 :
355 3891 423 3942 nihil
437 3892 472 3942 de
487 3893 539 3943 hoc
553 3890 609 3941 seio
672 3889 703 3941 20
717 3891 802 3957 ἄλλοις
817 3890 885 3940 nihil
899 3890 935 3940 de
951 3892 1002 3940 hoc
1019 3889 1076 3940 seio
1138 3889 1169 3938 25
1182 3887 1269 3950 ἐξάντη

148 3963 222 4013 -27
239 3965 373 4027 εὐστομίαν
389 3963 446 4026 J'am
464 3962 549 4014 edidit
568 3962 712 4013 Βυιιεικυιι
729 3962 765 4011 ad
785 3960 854 4010 Tim.
876 3976 902 4025 p.
919 3961 949 4010 79
966 3974 999 4011 ex
1018 3961 1041 4010 P
1103 3959 1133 4009 27
1150 3959 1184 4009 cr.
1200 3958 1268 4008 Τιιι.

148 4033 329 4170 ἔξωὲίἰιῖχτχ
344 4037 371 4085 τ“ο
386 4037 399 4084 ῦ
414 4036 522 4100 ’ἔγκειται
537 4035 567 4086 δι’
583 4032 726 4097 εὐστομίαν·
748 4035 800 4085 ἀντί
819 4036 862 4084 τοῦ
878 4034 936 4097 ύγιή
950 4033 993 4082 καί
1008 4033 1055 4089 ἐ’ξω
1071 4032 1130 4094 ἄτης
1146 4045 1152 4080 :
1172 4029 1268 4079 eadem

181 4224 244 4277 TIT
261 4226 291 4277 15
308 4225 372 4290 ζήτει
386 4224 431 4289 τὴν
448 4230 558 4293 ἱστορίαν
573 4225 594 4276 C

182 4345 227 4395 NG
245 4340 474 4410 1ἀπολοχήσηται]
490 4341 678 4407 θμολογήσηται
693 4340 721 4389 Μ
787 4338 800 4387 3
817 4336 928 4394 ἀποδοὺς
941 4335 970 4385 Μ
1033 4335 1050 4385 8
1063 4339 1146 4398 φυσιεῑ
1161 4331 1208 4382 ΑΕ

150 4417 180 4466 10
199 4418 392 4480 ἐξευμενίζεσθαι
408 4414 435 4463 Μ
503 4413 531 4462 11
549 4415 670 4476 ἀπόθηται
685 4411 747 4460 libri
811 4409 840 4459 16
856 4411 986 4471 τέμνοντος
1000 4405 1034 4468 (θ)
1099 4405 1128 4455 17
1146 4407 1272 4475 ἐφείσατο]

90 4489 92 4493 ’
150 4483 257 4551 ἐρύσατο
273 4486 301 4535 Μ
318 4485 384 4550 (jam
395 4491 551 4536 correxerat
562 4485 630 4548 Asr)
693 4483 724 4533 18
738 4483 849 4533 ἐνέπιπτέ
863 4483 948 4538 <τι>
960 4476 1073 4541 scripsi:
1089 4479 1214 4527 ἐνέπιπτεν
1228 4479 1252 4524 A
1265 4492 1271 4527 :

152 4559 280 4608 ἀνίπιπτεν
298 4557 326 4606 Μ
391 4555 420 4607 21
442 4558 485 4607 καί
504 4568 557 4605 om.
579 4555 605 4605 M
670 4555 700 4604 23
720 4553 856 4618 προσέταξε
876 4547 902 4600 Μ
969 4549 1002 4600 28
1016 4552 1093 4615 τρίτη,
1113 4565 1141 4614 τρ
1157 4546 1232 4597 rubr.
1247 4549 1273 4596 Α

211 4628 242 4678 29
258 4626 382 4693 παλαιῶν]
397 4631 497 4680 πολλῶν
513 4627 541 4676 Μ
606 4627 638 4677 30
655 4628 716 4693 ἔργα
731 4637 786 4675 om.
803 4624 830 4672 M

219 4739 386 4791 (ἰουνιιιευιι
1135 4730 1150 4779 7
