<?xml version="1.0" encoding="UTF-8"?>
<!DOCTYPE html PUBLIC "-//W3C//DTD XHTML 1.0 Transitional//EN"
    "http://www.w3.org/TR/xhtml1/DTD/xhtml1-transitional.dtd">
<html xmlns="http://www.w3.org/1999/xhtml" xml:lang="en" lang="en">
 <head>
  <title>
</title>
<meta http-equiv="Content-Type" content="text/html;charset=utf-8" />
  <meta name='ocr-system' content='tesseract 3.04.00' />
  <meta name='ocr-capabilities' content='ocr_page ocr_carea ocr_par ocr_line ocrx_word'/>
</head>
<body>
  <div class='ocr_page' id='page_1' title='image "./hermiaealexandr00alexgoog_0279.png"; bbox 0 0 3164 5512; ppageno 0'>
   <div class='ocr_carea' id='block_1_1' title="bbox 315 493 1045 557">
    <p class='ocr_par' dir='ltr' id='par_1_1' title="bbox 315 493 1045 557">
     <span class='ocr_line' id='line_1_1' title="bbox 315 493 1045 557; baseline 0.005 -14"><span class='ocrx_word' id='word_1_1' title='bbox 315 503 375 557; x_wconf 58' lang='grc' dir='ltr'>οὓς,</span> <span class='ocrx_word' id='word_1_2' title='bbox 686 493 827 546; x_wconf 60' lang='grc' dir='ltr'>τουτων</span> <span class='ocrx_word' id='word_1_3' title='bbox 847 495 1045 547; x_wconf 73' lang='grc' dir='ltr'>ψιλοεοοοε</span> 
     </span>
    </p>
   </div>
   <div class='ocr_carea' id='block_1_2' title="bbox 219 646 1438 1023">
    <p class='ocr_par' dir='ltr' id='par_1_2' title="bbox 219 646 1438 1023">
     <span class='ocr_line' id='line_1_2' title="bbox 219 646 1438 729; baseline 0.002 -27"><span class='ocrx_word' id='word_1_4' title='bbox 219 650 283 718; x_wconf 82' lang='grc'>[175]</span> <span class='ocrx_word' id='word_1_5' title='bbox 317 651 363 706; x_wconf 87' lang='grc' dir='ltr'>Διὸ</span> <span class='ocrx_word' id='word_1_6' title='bbox 379 649 424 706; x_wconf 89' lang='grc' dir='ltr'>καί</span> <span class='ocrx_word' id='word_1_7' title='bbox 440 650 454 705; x_wconf 88' lang='grc' dir='ltr'>ό</span> <span class='ocrx_word' id='word_1_8' title='bbox 473 649 618 727; x_wconf 76' lang='grc' dir='ltr'>Σωκράτης</span> <span class='ocrx_word' id='word_1_9' title='bbox 636 646 746 729; x_wconf 75' lang='grc' dir='ltr'>εὔχεται</span> <span class='ocrx_word' id='word_1_10' title='bbox 764 649 795 705; x_wconf 85' lang='grc' dir='ltr'>τό</span> <span class='ocrx_word' id='word_1_11' title='bbox 815 647 927 723; x_wconf 88' lang='grc' dir='ltr'>τίμιος</span> <span class='ocrx_word' id='word_1_12' title='bbox 945 651 1032 706; x_wconf 78' lang='grc' dir='ltr'>εἶναι</span> <span class='ocrx_word' id='word_1_13' title='bbox 1050 651 1122 729; x_wconf 75' lang='grc' dir='ltr'>παρὰ</span> <span class='ocrx_word' id='word_1_14' title='bbox 1140 656 1198 714; x_wconf 86' lang='grc' dir='ltr'>τοῖς</span> <span class='ocrx_word' id='word_1_15' title='bbox 1216 648 1298 722; x_wconf 84' lang='grc' dir='ltr'>νέοις,</span> <span class='ocrx_word' id='word_1_16' title='bbox 1320 649 1377 707; x_wconf 83' lang='grc' dir='ltr'>ἐπεὶ</span> <span class='ocrx_word' id='word_1_17' title='bbox 1394 651 1438 706; x_wconf 82' lang='grc' dir='ltr'>καί</span> 
     </span>
     <span class='ocr_line' id='line_1_3' title="bbox 315 746 1438 827; baseline 0.001 -23"><span class='ocrx_word' id='word_1_18' title='bbox 315 746 391 811; x_wconf 87' lang='grc' dir='ltr'>τέλος</span> <span class='ocrx_word' id='word_1_19' title='bbox 411 747 467 804; x_wconf 81' lang='grc' dir='ltr'>ἐστὶ</span> <span class='ocrx_word' id='word_1_20' title='bbox 483 752 562 804; x_wconf 86' lang='grc' dir='ltr'>τοῦτο</span> <span class='ocrx_word' id='word_1_21' title='bbox 582 752 632 817; x_wconf 83' lang='grc' dir='ltr'>τῆς</span> <span class='ocrx_word' id='word_1_22' title='bbox 652 746 791 826; x_wconf 81' lang='grc' dir='ltr'>ἐρωτικῆς·</span> <span class='ocrx_word' id='word_1_23' title='bbox 813 746 888 804; x_wconf 80' lang='grc' dir='ltr'>οῦδὲν</span> <span class='ocrx_word' id='word_1_24' title='bbox 908 749 959 827; x_wconf 76' lang='grc' dir='ltr'>γὰρ</span> <span class='ocrx_word' id='word_1_25' title='bbox 976 746 1048 805; x_wconf 85' lang='grc' dir='ltr'>άλλο</span> <span class='ocrx_word' id='word_1_26' title='bbox 1065 746 1135 804; x_wconf 83' lang='grc' dir='ltr'>ἐστίν</span> <span class='ocrx_word' id='word_1_27' title='bbox 1150 749 1165 804; x_wconf 88' lang='grc' dir='ltr'>ό</span> <span class='ocrx_word' id='word_1_28' title='bbox 1181 747 1287 826; x_wconf 71' lang='grc' dir='ltr'>λέγειό,</span> <span class='ocrx_word' id='word_1_29' title='bbox 1304 749 1438 827; x_wconf 74' lang='grc' dir='ltr'>ἀντέρωτα</span> 
     </span>
     <span class='ocr_line' id='line_1_4' title="bbox 315 843 1437 926; baseline 0 -24"><span class='ocrx_word' id='word_1_30' title='bbox 315 843 390 926; x_wconf 84' lang='grc' dir='ltr'>ἔχειν</span> <span class='ocrx_word' id='word_1_31' title='bbox 410 844 474 909; x_wconf 86' lang='grc' dir='ltr'>τοῦς</span> <span class='ocrx_word' id='word_1_32' title='bbox 496 843 569 909; x_wconf 85' lang='grc' dir='ltr'>νέους</span> <span class='ocrx_word' id='word_1_33' title='bbox 590 843 668 918; x_wconf 89' lang='grc' dir='ltr'>έμοῦ·</span> <span class='ocrx_word' id='word_1_34' title='bbox 689 843 732 901; x_wconf 75' lang='grc' dir='ltr'>διὰ</span> <span class='ocrx_word' id='word_1_35' title='bbox 750 846 801 924; x_wconf 79' lang='grc' dir='ltr'>γάρ</span> <span class='ocrx_word' id='word_1_36' title='bbox 819 852 867 902; x_wconf 90' lang='grc' dir='ltr'>τοῦ</span> <span class='ocrx_word' id='word_1_37' title='bbox 886 852 967 919; x_wconf 83' lang='grc' dir='ltr'>τιμᾶν</span> <span class='ocrx_word' id='word_1_38' title='bbox 986 845 1067 901; x_wconf 77' lang='grc' dir='ltr'>αὐτὸν</span> <span class='ocrx_word' id='word_1_39' title='bbox 1086 845 1150 909; x_wconf 86' lang='grc' dir='ltr'>τοῦς</span> <span class='ocrx_word' id='word_1_40' title='bbox 1169 846 1244 908; x_wconf 88' lang='grc' dir='ltr'>νέους</span> <span class='ocrx_word' id='word_1_41' title='bbox 1263 846 1357 902; x_wconf 78' lang='grc' dir='ltr'>καὶτὸ</span> <span class='ocrx_word' id='word_1_42' title='bbox 1377 845 1437 924; x_wconf 75' lang='grc' dir='ltr'>ἐρᾶν</span> 
     </span>
     <span class='ocr_line' id='line_1_5' title="bbox 315 937 1436 1023; baseline 0.002 -24"><span class='ocrx_word' id='word_1_43' title='bbox 315 937 456 1018; x_wconf 82' lang='grc' dir='ltr'>συμόαίνει</span> <span class='ocrx_word' id='word_1_44' title='bbox 471 942 563 999; x_wconf 84' lang='grc' dir='ltr'>αῦτοῦ·</span> <span class='ocrx_word' id='word_1_45' title='bbox 578 948 656 1000; x_wconf 60' lang='grc' dir='ltr'>θεῖον</span> <span class='ocrx_word' id='word_1_46' title='bbox 672 940 701 999; x_wconf 74' lang='grc' dir='ltr'>δὲ</span> <span class='ocrx_word' id='word_1_47' title='bbox 712 944 757 999; x_wconf 83' lang='grc' dir='ltr'>καί</span> <span class='ocrx_word' id='word_1_48' title='bbox 769 942 871 1021; x_wconf 82' lang='grc' dir='ltr'>ἀγαθόν</span> <span class='ocrx_word' id='word_1_49' title='bbox 883 947 901 1014; x_wconf 78' lang='grc' dir='ltr'>ἡ</span> <span class='ocrx_word' id='word_1_50' title='bbox 915 946 981 1017; x_wconf 80' lang='grc' dir='ltr'>τιμὴ</span> <span class='ocrx_word' id='word_1_51' title='bbox 998 944 1036 1006; x_wconf 89' lang='grc' dir='ltr'>ὡς</span> <span class='ocrx_word' id='word_1_52' title='bbox 1051 944 1096 1000; x_wconf 82' lang='grc' dir='ltr'>καὶ</span> <span class='ocrx_word' id='word_1_53' title='bbox 1111 943 1191 1007; x_wconf 88' lang='grc' dir='ltr'>αῦτός</span> <span class='ocrx_word' id='word_1_54' title='bbox 1205 965 1286 1023; x_wconf 69' lang='grc' dir='ltr'>φησιν</span> <span class='ocrx_word' id='word_1_55' title='bbox 1299 940 1436 1023; x_wconf 81' lang='grc' dir='ltr'>ἀλλαχοῦ.</span> 
     </span>
    </p>
   </div>
   <div class='ocr_carea' id='block_1_3' title="bbox 267 1088 1135 1178">
    <p class='ocr_par' dir='ltr' id='par_1_3' title="bbox 267 1088 1135 1178">
     <span class='ocr_line' id='line_1_6' title="bbox 267 1088 1135 1178; baseline 0.005 -26"><span class='ocrx_word' id='word_1_56' title='bbox 267 1088 282 1137; x_wconf 86' lang='lat'><strong>⁵</strong></span> <span class='ocrx_word' id='word_1_57' title='bbox 356 1097 410 1174; x_wconf 40' lang='grc' dir='ltr'>[ἶς’.</span> <span class='ocrx_word' id='word_1_58' title='bbox 432 1102 478 1175; x_wconf 80' lang='grc' dir='ltr'>Τῷ</span> <span class='ocrx_word' id='word_1_59' title='bbox 499 1097 641 1177; x_wconf 75' lang='grc' dir='ltr'>πρόσθεν</span> <span class='ocrx_word' id='word_1_60' title='bbox 663 1096 694 1155; x_wconf 76' lang='grc' dir='ltr'>δέ</span> <span class='ocrx_word' id='word_1_61' title='bbox 718 1097 746 1155; x_wconf 87' lang='grc' dir='ltr'>εί·</span> <span class='ocrx_word' id='word_1_62' title='bbox 767 1099 798 1154; x_wconf 93' lang='grc' dir='ltr'>τί</span> <span class='ocrx_word' id='word_1_63' title='bbox 821 1119 871 1154; x_wconf 90' lang='grc' dir='ltr'>σοι</span> <span class='ocrx_word' id='word_1_64' title='bbox 893 1096 996 1178; x_wconf 84' lang='grc' dir='ltr'>λόγῳ]</span> <span class='ocrx_word' id='word_1_65' title='bbox 1018 1099 1076 1156; x_wconf 86' lang='grc'>257</span> <span class='ocrx_word' id='word_1_66' title='bbox 1100 1097 1135 1156; x_wconf 82' lang='grc' dir='ltr'>Β.</span> 
     </span>
    </p>
   </div>
   <div class='ocr_carea' id='block_1_4' title="bbox 217 1240 1440 2598">
    <p class='ocr_par' dir='ltr' id='par_1_4' title="bbox 313 1240 1439 1619">
     <span class='ocr_line' id='line_1_7' title="bbox 351 1240 1437 1322; baseline 0.002 -24"><span class='ocrx_word' id='word_1_67' title='bbox 351 1242 493 1299; x_wconf 85' lang='grc' dir='ltr'>Τουτέστιν</span> <span class='ocrx_word' id='word_1_68' title='bbox 516 1242 539 1299; x_wconf 89' lang='grc' dir='ltr'>εί</span> <span class='ocrx_word' id='word_1_69' title='bbox 561 1241 589 1300; x_wconf 87' lang='grc' dir='ltr'>δέ</span> <span class='ocrx_word' id='word_1_70' title='bbox 607 1264 633 1298; x_wconf 91' lang='grc' dir='ltr'>τι</span> <span class='ocrx_word' id='word_1_71' title='bbox 653 1240 758 1321; x_wconf 76' lang='grc' dir='ltr'>εἴρηται</span> <span class='ocrx_word' id='word_1_72' title='bbox 779 1243 816 1306; x_wconf 82' lang='grc' dir='ltr'>είς</span> <span class='ocrx_word' id='word_1_73' title='bbox 837 1243 867 1298; x_wconf 88' lang='grc' dir='ltr'>τό</span> <span class='ocrx_word' id='word_1_74' title='bbox 888 1240 976 1316; x_wconf 86' lang='grc' dir='ltr'>ὔνομά</span> <span class='ocrx_word' id='word_1_75' title='bbox 994 1263 1041 1298; x_wconf 91' lang='grc' dir='ltr'>σου</span> <span class='ocrx_word' id='word_1_76' title='bbox 1060 1246 1109 1298; x_wconf 87' lang='grc' dir='ltr'>τοῦ</span> <span class='ocrx_word' id='word_1_77' title='bbox 1128 1241 1244 1320; x_wconf 80' lang='grc' dir='ltr'>Ἔρωτος</span> <span class='ocrx_word' id='word_1_78' title='bbox 1265 1242 1401 1322; x_wconf 78' lang='grc' dir='ltr'><strong>ἀπηχὲς,</strong></span> <span class='ocrx_word' id='word_1_79' title='bbox 1422 1245 1437 1300; x_wconf 89' lang='grc' dir='ltr'>ό</span> 
     </span>
     <span class='ocr_line' id='line_1_8' title="bbox 314 1324 1439 1421; baseline 0.001 -24"><span class='ocrx_word' id='word_1_80' title='bbox 314 1341 414 1407; x_wconf 90' lang='grc' dir='ltr'>Λυσίας</span> <span class='ocrx_word' id='word_1_81' title='bbox 435 1340 523 1406; x_wconf 78' lang='grc' dir='ltr'>αἴτιος</span> <span class='ocrx_word' id='word_1_82' title='bbox 542 1342 693 1420; x_wconf 80' lang='grc' dir='ltr'>ἀναγκάσας</span> <span class='ocrx_word' id='word_1_83' title='bbox 713 1324 987 1421; x_wconf 59' lang='grc' dir='ltr'>Φαῖδρον’τοιοῦτοις</span> <span class='ocrx_word' id='word_1_84' title='bbox 1009 1343 1164 1421; x_wconf 76' lang='grc' dir='ltr'>χρησασθαι</span> <span class='ocrx_word' id='word_1_85' title='bbox 1186 1339 1289 1419; x_wconf 87' lang='grc' dir='ltr'>λόγοις.</span> <span class='ocrx_word' id='word_1_86' title='bbox 1310 1378 1351 1386; x_wconf 94' lang='grc'>-</span> <span class='ocrx_word' id='word_1_87' title='bbox 1372 1341 1439 1398; x_wconf 87' lang='grc' dir='ltr'>Ἐπί</span> 
     </span>
     <span class='ocr_line' id='line_1_9' title="bbox 313 1437 1439 1520; baseline 0 -24"><span class='ocrx_word' id='word_1_88' title='bbox 313 1438 517 1520; x_wconf 65' lang='grc' dir='ltr'>φιλοσοφίαν</span> <span class='ocrx_word' id='word_1_89' title='bbox 536 1438 569 1497; x_wconf 75' lang='grc' dir='ltr'>δέ</span> <span class='ocrx_word' id='word_1_90' title='bbox 586 1439 705 1519; x_wconf 81' lang='grc' dir='ltr'>ὥσπερ,</span> <span class='ocrx_word' id='word_1_91' title='bbox 725 1442 771 1496; x_wconf 82' lang='grc' dir='ltr'>καὶ</span> <span class='ocrx_word' id='word_1_92' title='bbox 788 1441 821 1496; x_wconf 83' lang='grc' dir='ltr'>τίι</span> <span class='ocrx_word' id='word_1_93' title='bbox 842 1437 913 1511; x_wconf 79' lang='grc' dir='ltr'>έξῆς·</span> <span class='ocrx_word' id='word_1_94' title='bbox 936 1440 1004 1496; x_wconf 79' lang='grc' dir='ltr'>κατὰ</span> <span class='ocrx_word' id='word_1_95' title='bbox 1023 1438 1176 1513; x_wconf 84' lang='grc' dir='ltr'>ὁμοιότητα</span> <span class='ocrx_word' id='word_1_96' title='bbox 1194 1444 1242 1495; x_wconf 85' lang='grc' dir='ltr'>τοῦ</span> <span class='ocrx_word' id='word_1_97' title='bbox 1261 1441 1343 1497; x_wconf 58' lang='grc' dir='ltr'>θείου</span> <span class='ocrx_word' id='word_1_98' title='bbox 1362 1441 1439 1497; x_wconf 80' lang='grc' dir='ltr'>καίό</span> 
     </span>
     <span class='ocr_line' id='line_1_10' title="bbox 313 1536 1439 1619; baseline 0 -24"><span class='ocrx_word' id='word_1_99' title='bbox 313 1545 352 1613; x_wconf 80' lang='grc' dir='ltr'>τῷ</span> <span class='ocrx_word' id='word_1_100' title='bbox 367 1536 425 1595; x_wconf 88' lang='grc' dir='ltr'>ὔντι</span> <span class='ocrx_word' id='word_1_101' title='bbox 438 1538 587 1619; x_wconf 69' lang='grc' dir='ltr'>φιλόσοφος</span> <span class='ocrx_word' id='word_1_102' title='bbox 601 1537 718 1596; x_wconf 71' lang='grc' dir='ltr'>’ίσταταν</span> <span class='ocrx_word' id='word_1_103' title='bbox 733 1539 823 1618; x_wconf 85' lang='grc' dir='ltr'>ὥσπερ</span> <span class='ocrx_word' id='word_1_104' title='bbox 837 1539 888 1617; x_wconf 79' lang='grc' dir='ltr'>γάρ</span> <span class='ocrx_word' id='word_1_105' title='bbox 902 1539 932 1595; x_wconf 87' lang='grc' dir='ltr'>τὸ</span> <span class='ocrx_word' id='word_1_106' title='bbox 947 1545 1026 1595; x_wconf 58' lang='grc' dir='ltr'>θεῖον</span> <span class='ocrx_word' id='word_1_107' title='bbox 1041 1545 1106 1594; x_wconf 74' lang='grc' dir='ltr'>πᾶσι</span> <span class='ocrx_word' id='word_1_108' title='bbox 1119 1539 1251 1616; x_wconf 76' lang='grc' dir='ltr'>προτείνει</span> <span class='ocrx_word' id='word_1_109' title='bbox 1265 1539 1392 1619; x_wconf 79' lang='grc' dir='ltr'>δρθόνως</span> <span class='ocrx_word' id='word_1_110' title='bbox 1407 1541 1439 1595; x_wconf 78' lang='grc' dir='ltr'>τά</span> 
     </span>
    </p>

    <p class='ocr_par' dir='ltr' id='par_1_5' title="bbox 253 1631 1439 1717">
     <span class='ocr_line' id='line_1_11' title="bbox 253 1631 1439 1717; baseline 0 -25"><span class='ocrx_word' id='word_1_111' title='bbox 253 1632 284 1682; x_wconf 79' lang='lat'>¹0</span> <span class='ocrx_word' id='word_1_112' title='bbox 314 1635 402 1713; x_wconf 81' lang='grc' dir='ltr'>ἀγαθά</span> <span class='ocrx_word' id='word_1_113' title='bbox 418 1636 555 1715; x_wconf 72' lang='grc' dir='ltr'>(φθόνος</span> <span class='ocrx_word' id='word_1_114' title='bbox 571 1636 631 1714; x_wconf 81' lang='grc' dir='ltr'>γὰρ</span> <span class='ocrx_word' id='word_1_115' title='bbox 646 1634 707 1702; x_wconf 80' lang='grc' dir='ltr'>ἔξω</span> <span class='ocrx_word' id='word_1_116' title='bbox 721 1634 817 1693; x_wconf 58' lang='grc' dir='ltr'>θείου</span> <span class='ocrx_word' id='word_1_117' title='bbox 831 1635 947 1715; x_wconf 72' lang='grc' dir='ltr'>χοροῦ)</span> <span class='ocrx_word' id='word_1_118' title='bbox 966 1631 1169 1711; x_wconf 84' lang='grc' dir='ltr'>μεταλαμόοίνει</span> <span class='ocrx_word' id='word_1_119' title='bbox 1182 1635 1211 1692; x_wconf 81' lang='grc' dir='ltr'>δέ</span> <span class='ocrx_word' id='word_1_120' title='bbox 1226 1637 1240 1693; x_wconf 93' lang='grc' dir='ltr'>ό</span> <span class='ocrx_word' id='word_1_121' title='bbox 1254 1637 1383 1717; x_wconf 72' lang='grc' dir='ltr'>πεφυκὼς</span> <span class='ocrx_word' id='word_1_122' title='bbox 1394 1638 1439 1693; x_wconf 88' lang='grc' dir='ltr'>καί</span> 
     </span>
    </p>

    <p class='ocr_par' dir='ltr' id='par_1_6' title="bbox 315 1731 1438 1813">
     <span class='ocr_line' id='line_1_12' title="bbox 315 1731 1438 1813; baseline 0.001 -23"><span class='ocrx_word' id='word_1_123' title='bbox 315 1736 329 1790; x_wconf 92' lang='grc' dir='ltr'>ό</span> <span class='ocrx_word' id='word_1_124' title='bbox 344 1731 508 1806; x_wconf 73' lang='grc' dir='ltr'>ἐπιτήδειος,</span> <span class='ocrx_word' id='word_1_125' title='bbox 523 1734 569 1790; x_wconf 87' lang='grc' dir='ltr'>τὸν</span> <span class='ocrx_word' id='word_1_126' title='bbox 585 1733 662 1790; x_wconf 75' lang='grc' dir='ltr'>αὐτὸν</span> <span class='ocrx_word' id='word_1_127' title='bbox 675 1734 774 1813; x_wconf 84' lang='grc' dir='ltr'>τρόπον</span> <span class='ocrx_word' id='word_1_128' title='bbox 787 1735 831 1790; x_wconf 82' lang='grc' dir='ltr'>καί</span> <span class='ocrx_word' id='word_1_129' title='bbox 846 1736 860 1790; x_wconf 91' lang='grc' dir='ltr'>ό</span> <span class='ocrx_word' id='word_1_130' title='bbox 877 1734 1025 1813; x_wconf 72' lang='grc' dir='ltr'>Σωκράτης</span> <span class='ocrx_word' id='word_1_131' title='bbox 1038 1741 1102 1790; x_wconf 77' lang='grc' dir='ltr'>πᾶσι</span> <span class='ocrx_word' id='word_1_132' title='bbox 1114 1735 1147 1790; x_wconf 71' lang='grc' dir='ltr'>τί</span> <span class='ocrx_word' id='word_1_133' title='bbox 1161 1734 1250 1812; x_wconf 76' lang='grc' dir='ltr'>ἀγαθὰ</span> <span class='ocrx_word' id='word_1_134' title='bbox 1266 1733 1438 1810; x_wconf 88' lang='grc' dir='ltr'>βουλόμενος</span> 
     </span>
    </p>

    <p class='ocr_par' dir='ltr' id='par_1_7' title="bbox 217 1824 1440 2012">
     <span class='ocr_line' id='line_1_13' title="bbox 217 1824 1440 1913; baseline 0 -24"><span class='ocrx_word' id='word_1_135' title='bbox 217 1824 220 1833; x_wconf 72' lang='grc'>’</span> <span class='ocrx_word' id='word_1_136' title='bbox 315 1831 423 1912; x_wconf 75' lang='grc' dir='ltr'>εὔχεται</span> <span class='ocrx_word' id='word_1_137' title='bbox 443 1833 508 1910; x_wconf 77' lang='grc' dir='ltr'>ὑπὲρ</span> <span class='ocrx_word' id='word_1_138' title='bbox 522 1837 569 1888; x_wconf 89' lang='grc' dir='ltr'>τοῦ</span> <span class='ocrx_word' id='word_1_139' title='bbox 584 1833 696 1902; x_wconf 88' lang='grc' dir='ltr'>Λυσίου,</span> <span class='ocrx_word' id='word_1_140' title='bbox 714 1832 758 1888; x_wconf 84' lang='grc' dir='ltr'>ίνα</span> <span class='ocrx_word' id='word_1_141' title='bbox 776 1832 873 1907; x_wconf 87' lang='grc' dir='ltr'>μηκέτι</span> <span class='ocrx_word' id='word_1_142' title='bbox 887 1838 996 1890; x_wconf 80' lang='grc' dir='ltr'>τοιαῦτα</span> <span class='ocrx_word' id='word_1_143' title='bbox 1013 1832 1152 1913; x_wconf 78' lang='grc' dir='ltr'>συγγράρη</span> <span class='ocrx_word' id='word_1_144' title='bbox 1169 1831 1235 1889; x_wconf 74' lang='grc' dir='ltr'>ἀλλὰ</span> <span class='ocrx_word' id='word_1_145' title='bbox 1252 1833 1284 1889; x_wconf 80' lang='grc' dir='ltr'>τά</span> <span class='ocrx_word' id='word_1_146' title='bbox 1304 1831 1440 1907; x_wconf 86' lang='grc' dir='ltr'>δυνάμενα</span> 
     </span>
     <span class='ocr_line' id='line_1_14' title="bbox 315 1928 1437 2012; baseline 0.001 -24"><span class='ocrx_word' id='word_1_147' title='bbox 315 1930 432 2012; x_wconf 78' lang='grc' dir='ltr'>ὠφελεῖν</span> <span class='ocrx_word' id='word_1_148' title='bbox 447 1930 511 1994; x_wconf 84' lang='grc' dir='ltr'>τοῦς</span> <span class='ocrx_word' id='word_1_149' title='bbox 525 1929 612 1996; x_wconf 81' lang='grc' dir='ltr'>νέους.</span> <span class='ocrx_word' id='word_1_150' title='bbox 629 1964 668 1974; x_wconf 96' lang='grc'>-</span> <span class='ocrx_word' id='word_1_151' title='bbox 683 1929 711 1986; x_wconf 78' lang='lat'>‘0</span> <span class='ocrx_word' id='word_1_152' title='bbox 723 1928 752 1987; x_wconf 80' lang='grc' dir='ltr'>δέ</span> <span class='ocrx_word' id='word_1_153' title='bbox 768 1929 983 2010; x_wconf 88' lang='grc' dir='ltr'>Πολέμαρχος</span> <span class='ocrx_word' id='word_1_154' title='bbox 995 1928 1112 2010; x_wconf 72' lang='grc' dir='ltr'>ἀδελφός</span> <span class='ocrx_word' id='word_1_155' title='bbox 1127 1931 1180 1987; x_wconf 84' lang='grc' dir='ltr'>ἐστι</span> <span class='ocrx_word' id='word_1_156' title='bbox 1195 1930 1305 2003; x_wconf 88' lang='grc' dir='ltr'>Λυσίου,</span> <span class='ocrx_word' id='word_1_157' title='bbox 1322 1932 1354 1988; x_wconf 85' lang='grc' dir='ltr'>οὔ</span> <span class='ocrx_word' id='word_1_158' title='bbox 1371 1934 1437 2007; x_wconf 87' lang='grc' dir='ltr'>με’μ-</span> 
     </span>
    </p>

    <p class='ocr_par' dir='ltr' id='par_1_8' title="bbox 313 2027 1439 2108">
     <span class='ocr_line' id='line_1_15' title="bbox 313 2027 1439 2108; baseline 0.001 -23"><span class='ocrx_word' id='word_1_159' title='bbox 313 2051 393 2101; x_wconf 89' lang='grc' dir='ltr'>νηται</span> <span class='ocrx_word' id='word_1_160' title='bbox 406 2029 433 2085; x_wconf 87' lang='grc' dir='ltr'>έν</span> <span class='ocrx_word' id='word_1_161' title='bbox 444 2034 479 2105; x_wconf 76' lang='grc' dir='ltr'>τῇ</span> <span class='ocrx_word' id='word_1_162' title='bbox 493 2027 621 2100; x_wconf 72' lang='grc' dir='ltr'>Πολιτείᾳ</span> <span class='ocrx_word' id='word_1_163' title='bbox 633 2027 823 2092; x_wconf 79' lang='grc' dir='ltr'>ἐπιδιώκοντος</span> <span class='ocrx_word' id='word_1_164' title='bbox 835 2030 881 2086; x_wconf 90' lang='grc' dir='ltr'>τὸν</span> <span class='ocrx_word' id='word_1_165' title='bbox 897 2029 1045 2108; x_wconf 77' lang='grc' dir='ltr'>Σωκράτην</span> <span class='ocrx_word' id='word_1_166' title='bbox 1057 2031 1102 2085; x_wconf 80' lang='grc' dir='ltr'>καί</span> <span class='ocrx_word' id='word_1_167' title='bbox 1117 2028 1312 2103; x_wconf 78' lang='grc' dir='ltr'>ἐπιθυμοῦντος</span> <span class='ocrx_word' id='word_1_168' title='bbox 1327 2031 1439 2086; x_wconf 77' lang='grc' dir='ltr'>ἀκοῦσαι</span> 
     </span>
    </p>

    <p class='ocr_par' dir='ltr' id='par_1_9' title="bbox 251 2122 1439 2403">
     <span class='ocr_line' id='line_1_16' title="bbox 251 2122 1438 2207; baseline 0.001 -25"><span class='ocrx_word' id='word_1_169' title='bbox 251 2122 282 2170; x_wconf 82' lang='lat'>¹5</span> <span class='ocrx_word' id='word_1_170' title='bbox 314 2127 406 2188; x_wconf 88' lang='grc' dir='ltr'>αὔτοῦ.</span> <span class='ocrx_word' id='word_1_171' title='bbox 423 2126 511 2183; x_wconf 87' lang='grc' dir='ltr'>-Τὸ</span> <span class='ocrx_word' id='word_1_172' title='bbox 526 2125 554 2183; x_wconf 80' lang='grc' dir='ltr'>δέ</span> <span class='ocrx_word' id='word_1_173' title='bbox 570 2127 689 2202; x_wconf 84' lang='grc' dir='ltr'>μηκέτι</span> <span class='ocrx_word' id='word_1_174' title='bbox 704 2126 953 2207; x_wconf 76' lang='grc' dir='ltr'>έπαμροτερίζη</span> <span class='ocrx_word' id='word_1_175' title='bbox 968 2127 1012 2183; x_wconf 70' lang='grc' dir='ltr'>’ίνα</span> <span class='ocrx_word' id='word_1_176' title='bbox 1028 2125 1126 2201; x_wconf 88' lang='grc' dir='ltr'>μηκέτι</span> <span class='ocrx_word' id='word_1_177' title='bbox 1140 2132 1177 2205; x_wconf 78' lang='grc' dir='ltr'>τῷ</span> <span class='ocrx_word' id='word_1_178' title='bbox 1190 2125 1275 2198; x_wconf 67' lang='grc' dir='ltr'>Λυσίᾳ</span> <span class='ocrx_word' id='word_1_179' title='bbox 1288 2132 1438 2206; x_wconf 82' lang='grc' dir='ltr'>προσχωρῇ</span> 
     </span>
     <span class='ocr_line' id='line_1_17' title="bbox 313 2221 1439 2306; baseline 0.001 -26"><span class='ocrx_word' id='word_1_180' title='bbox 313 2226 359 2281; x_wconf 84' lang='grc' dir='ltr'>καὶ</span> <span class='ocrx_word' id='word_1_181' title='bbox 378 2221 477 2297; x_wconf 83' lang='grc' dir='ltr'>έπηται</span> <span class='ocrx_word' id='word_1_182' title='bbox 497 2225 542 2281; x_wconf 86' lang='grc' dir='ltr'>καὶ</span> <span class='ocrx_word' id='word_1_183' title='bbox 562 2228 644 2300; x_wconf 79' lang='grc' dir='ltr'>ἡμῖν,</span> <span class='ocrx_word' id='word_1_184' title='bbox 668 2223 739 2280; x_wconf 79' lang='grc' dir='ltr'>ἀλλὰ</span> <span class='ocrx_word' id='word_1_185' title='bbox 759 2224 824 2299; x_wconf 91' lang='grc' dir='ltr'>μίαν</span> <span class='ocrx_word' id='word_1_186' title='bbox 842 2225 957 2303; x_wconf 83' lang='grc' dir='ltr'>γνώμην</span> <span class='ocrx_word' id='word_1_187' title='bbox 976 2224 1041 2306; x_wconf 82' lang='grc' dir='ltr'>έχῃ.</span> <span class='ocrx_word' id='word_1_188' title='bbox 1063 2230 1147 2282; x_wconf 88' lang='grc' dir='ltr'>Τοῦτο</span> <span class='ocrx_word' id='word_1_189' title='bbox 1167 2223 1195 2280; x_wconf 79' lang='grc' dir='ltr'>δέ</span> <span class='ocrx_word' id='word_1_190' title='bbox 1211 2225 1297 2297; x_wconf 82' lang='grc' dir='ltr'>εἶπεν,</span> <span class='ocrx_word' id='word_1_191' title='bbox 1314 2224 1439 2295; x_wconf 81' lang='grc' dir='ltr'>έπειδήό</span> 
     </span>
     <span class='ocr_line' id='line_1_18' title="bbox 315 2319 1438 2403; baseline 0 -24"><span class='ocrx_word' id='word_1_192' title='bbox 315 2319 448 2394; x_wconf 79' lang='grc' dir='ltr'>δεσπότης</span> <span class='ocrx_word' id='word_1_193' title='bbox 460 2321 548 2402; x_wconf 77' lang='grc' dir='ltr'>Ἔρως</span> <span class='ocrx_word' id='word_1_194' title='bbox 562 2320 656 2380; x_wconf 82' lang='grc' dir='ltr'>ένωσιν</span> <span class='ocrx_word' id='word_1_195' title='bbox 669 2324 714 2379; x_wconf 83' lang='grc' dir='ltr'>καὶ</span> <span class='ocrx_word' id='word_1_196' title='bbox 729 2323 796 2397; x_wconf 90' lang='grc' dir='ltr'>μίαν</span> <span class='ocrx_word' id='word_1_197' title='bbox 808 2322 941 2402; x_wconf 85' lang='grc' dir='ltr'>άρμονίαυ</span> <span class='ocrx_word' id='word_1_198' title='bbox 954 2326 1023 2397; x_wconf 75' lang='grc' dir='ltr'>ἡμῖν</span> <span class='ocrx_word' id='word_1_199' title='bbox 1035 2323 1195 2403; x_wconf 83' lang='grc' dir='ltr'>παρέχεται,</span> <span class='ocrx_word' id='word_1_200' title='bbox 1210 2329 1263 2378; x_wconf 78' lang='grc' dir='ltr'>πᾶν</span> <span class='ocrx_word' id='word_1_201' title='bbox 1277 2323 1309 2378; x_wconf 87' lang='grc' dir='ltr'>τὸ</span> <span class='ocrx_word' id='word_1_202' title='bbox 1323 2319 1438 2379; x_wconf 78' lang='grc' dir='ltr'>διπλοῦν</span> 
     </span>
    </p>

    <p class='ocr_par' dir='ltr' id='par_1_10' title="bbox 312 2406 1440 2598">
     <span class='ocr_line' id='line_1_19' title="bbox 313 2406 1438 2501; baseline -0.003 -23"><span class='ocrx_word' id='word_1_203' title='bbox 313 2421 359 2478; x_wconf 85' lang='grc' dir='ltr'>καὶ</span> <span class='ocrx_word' id='word_1_204' title='bbox 373 2419 518 2501; x_wconf 76' lang='grc' dir='ltr'>ἀλλότριον</span> <span class='ocrx_word' id='word_1_205' title='bbox 533 2422 577 2478; x_wconf 82' lang='grc' dir='ltr'>καί</span> <span class='ocrx_word' id='word_1_206' title='bbox 591 2428 678 2478; x_wconf 77' lang='grc' dir='ltr'>πᾶσαν</span> <span class='ocrx_word' id='word_1_207' title='bbox 693 2422 821 2493; x_wconf 80' lang='grc' dir='ltr'>τοιαύτην</span> <span class='ocrx_word' id='word_1_208' title='bbox 837 2419 969 2501; x_wconf 73' lang='grc' dir='ltr'>ἐνέργειαν</span> <span class='ocrx_word' id='word_1_209' title='bbox 989 2406 1243 2495; x_wconf 77' lang='grc' dir='ltr'>ἀποσκευαζόμενος</span> <span class='ocrx_word' id='word_1_210' title='bbox 1254 2421 1384 2492; x_wconf 85' lang='grc' dir='ltr'>&lt;καί&gt;</span> <span class='ocrx_word' id='word_1_211' title='bbox 1400 2420 1438 2484; x_wconf 86' lang='grc' dir='ltr'>είς</span> 
     </span>
     <span class='ocr_line' id='line_1_20' title="bbox 312 2516 1440 2598; baseline -0.004 -20"><span class='ocrx_word' id='word_1_212' title='bbox 312 2517 408 2578; x_wconf 73' lang='grc' dir='ltr'>ἐ’νωσιν</span> <span class='ocrx_word' id='word_1_213' title='bbox 427 2520 512 2578; x_wconf 79' lang='grc' dir='ltr'>πάντα</span> <span class='ocrx_word' id='word_1_214' title='bbox 533 2517 617 2598; x_wconf 80' lang='grc' dir='ltr'>ἄγων·</span> <span class='ocrx_word' id='word_1_215' title='bbox 639 2527 720 2578; x_wconf 87' lang='grc' dir='ltr'>τοῦτο</span> <span class='ocrx_word' id='word_1_216' title='bbox 740 2519 788 2576; x_wconf 85' lang='grc' dir='ltr'>οῦν</span> <span class='ocrx_word' id='word_1_217' title='bbox 807 2517 878 2597; x_wconf 87' lang='grc' dir='ltr'>λέγει</span> <span class='ocrx_word' id='word_1_218' title='bbox 897 2520 937 2576; x_wconf 85' lang='grc' dir='ltr'>ότι</span> <span class='ocrx_word' id='word_1_219' title='bbox 955 2519 1001 2576; x_wconf 76' lang='grc' dir='ltr'>’ίνα</span> <span class='ocrx_word' id='word_1_220' title='bbox 1017 2521 1062 2576; x_wconf 86' lang='grc' dir='ltr'>καί</span> <span class='ocrx_word' id='word_1_221' title='bbox 1082 2521 1096 2576; x_wconf 94' lang='grc' dir='ltr'>ό</span> <span class='ocrx_word' id='word_1_222' title='bbox 1118 2516 1235 2598; x_wconf 81' lang='grc' dir='ltr'>Φαῖδρος</span> <span class='ocrx_word' id='word_1_223' title='bbox 1256 2519 1323 2575; x_wconf 82' lang='grc' dir='ltr'>κατὰ</span> <span class='ocrx_word' id='word_1_224' title='bbox 1343 2517 1440 2576; x_wconf 86' lang='grc' dir='ltr'>ένωσιν</span> 
     </span>
    </p>
   </div>
   <div class='ocr_carea' id='block_1_5' title="bbox 251 2612 1055 2845">
    <p class='ocr_par' dir='ltr' id='par_1_11' title="bbox 251 2612 1055 2845">
     <span class='ocr_line' id='line_1_21' title="bbox 251 2612 432 2696; baseline 0.011 -22"><span class='ocrx_word' id='word_1_225' title='bbox 251 2613 284 2663; x_wconf 73' lang='lat'>2⁰</span> <span class='ocrx_word' id='word_1_226' title='bbox 315 2612 432 2696; x_wconf 53' lang='lat' dir='ltr'>baem(</span> 
     </span>
     <span class='ocr_line' id='line_1_22' title="bbox 354 2762 1055 2845; baseline 0.004 -22"><span class='ocrx_word' id='word_1_227' title='bbox 354 2762 409 2843; x_wconf 53' lang='grc' dir='ltr'>1,ζ’,</span> <span class='ocrx_word' id='word_1_228' title='bbox 432 2764 519 2824; x_wconf 67' lang='grc' dir='ltr'>Ἀλλ’</span> <span class='ocrx_word' id='word_1_229' title='bbox 542 2763 657 2829; x_wconf 81' lang='grc' dir='ltr'>ἁπλῶς</span> <span class='ocrx_word' id='word_1_230' title='bbox 676 2766 756 2845; x_wconf 86' lang='grc' dir='ltr'>πρὸς</span> <span class='ocrx_word' id='word_1_231' title='bbox 779 2765 915 2845; x_wconf 83' lang='grc' dir='ltr'>Ἔρωτα]</span> <span class='ocrx_word' id='word_1_232' title='bbox 938 2767 995 2826; x_wconf 74' lang='grc'>257</span> <span class='ocrx_word' id='word_1_233' title='bbox 1020 2767 1055 2826; x_wconf 88' lang='grc' dir='ltr'>Β.</span> 
     </span>
    </p>
   </div>
   <div class='ocr_carea' id='block_1_6' title="bbox 312 2907 1440 3183">
    <p class='ocr_par' dir='ltr' id='par_1_12' title="bbox 312 2907 1440 3183">
     <span class='ocr_line' id='line_1_23' title="bbox 353 2907 1440 2987; baseline 0.003 -26"><span class='ocrx_word' id='word_1_234' title='bbox 353 2911 404 2963; x_wconf 82' lang='grc' dir='ltr'>Τοῦ</span> <span class='ocrx_word' id='word_1_235' title='bbox 426 2908 477 2987; x_wconf 82' lang='grc' dir='ltr'>γάρ</span> <span class='ocrx_word' id='word_1_236' title='bbox 499 2907 558 2984; x_wconf 87' lang='grc' dir='ltr'>βίου</span> <span class='ocrx_word' id='word_1_237' title='bbox 578 2908 678 2972; x_wconf 89' lang='grc' dir='ltr'>παντὸς</span> <span class='ocrx_word' id='word_1_238' title='bbox 696 2909 741 2964; x_wconf 83' lang='grc' dir='ltr'>καί</span> <span class='ocrx_word' id='word_1_239' title='bbox 761 2916 810 2979; x_wconf 78' lang='grc' dir='ltr'>τῆς</span> <span class='ocrx_word' id='word_1_240' title='bbox 830 2908 1018 2971; x_wconf 73' lang='grc' dir='ltr'>καταπόσεως</span> <span class='ocrx_word' id='word_1_241' title='bbox 1041 2907 1209 2985; x_wconf 83' lang='grc' dir='ltr'>καθηγεμὼν</span> <span class='ocrx_word' id='word_1_242' title='bbox 1230 2911 1312 2982; x_wconf 75' lang='grc' dir='ltr'>ἡμῶν</span> <span class='ocrx_word' id='word_1_243' title='bbox 1335 2908 1404 2964; x_wconf 81' lang='grc' dir='ltr'>ἐστιν</span> <span class='ocrx_word' id='word_1_244' title='bbox 1425 2911 1440 2964; x_wconf 90' lang='grc' dir='ltr'>ό</span> 
     </span>
     <span class='ocr_line' id='line_1_24' title="bbox 313 3002 1440 3087; baseline 0.001 -27"><span class='ocrx_word' id='word_1_245' title='bbox 313 3002 410 3083; x_wconf 83' lang='grc' dir='ltr'>Ἔρως.</span> <span class='ocrx_word' id='word_1_246' title='bbox 426 3010 511 3062; x_wconf 87' lang='grc' dir='ltr'>Τοῦτο</span> <span class='ocrx_word' id='word_1_247' title='bbox 526 3004 573 3061; x_wconf 84' lang='grc' dir='ltr'>οῦν</span> <span class='ocrx_word' id='word_1_248' title='bbox 588 3003 698 3087; x_wconf 85' lang='grc' dir='ltr'>εὔχεται</span> <span class='ocrx_word' id='word_1_249' title='bbox 708 3006 754 3062; x_wconf 74' lang='grc' dir='ltr'>’ίνα</span> <span class='ocrx_word' id='word_1_250' title='bbox 766 3007 873 3062; x_wconf 79' lang='grc' dir='ltr'>καὶτὸν</span> <span class='ocrx_word' id='word_1_251' title='bbox 889 3007 948 3083; x_wconf 83' lang='grc' dir='ltr'>βίον</span> <span class='ocrx_word' id='word_1_252' title='bbox 960 3013 1008 3062; x_wconf 88' lang='grc' dir='ltr'>τοῦ</span> <span class='ocrx_word' id='word_1_253' title='bbox 1023 3005 1122 3062; x_wconf 88' lang='grc' dir='ltr'>Λυσίου</span> <span class='ocrx_word' id='word_1_254' title='bbox 1134 3007 1221 3062; x_wconf 80' lang='grc' dir='ltr'>πάντα</span> <span class='ocrx_word' id='word_1_255' title='bbox 1236 3005 1275 3069; x_wconf 87' lang='grc' dir='ltr'>είς</span> <span class='ocrx_word' id='word_1_256' title='bbox 1290 3006 1321 3062; x_wconf 84' lang='grc' dir='ltr'>τὸ</span> <span class='ocrx_word' id='word_1_257' title='bbox 1335 3005 1440 3063; x_wconf 75' lang='grc' dir='ltr'>ἁπλοῦν</span> 
     </span>
     <span class='ocr_line' id='line_1_25' title="bbox 312 3100 782 3183; baseline 0.011 -25"><span class='ocrx_word' id='word_1_258' title='bbox 312 3104 357 3158; x_wconf 86' lang='grc' dir='ltr'>καί</span> <span class='ocrx_word' id='word_1_259' title='bbox 371 3100 472 3174; x_wconf 81' lang='grc' dir='ltr'>ἀληθὲς</span> <span class='ocrx_word' id='word_1_260' title='bbox 487 3104 636 3180; x_wconf 79' lang='grc' dir='ltr'>κατευθῦνη</span> <span class='ocrx_word' id='word_1_261' title='bbox 654 3106 668 3160; x_wconf 92' lang='grc' dir='ltr'>ό</span> <span class='ocrx_word' id='word_1_262' title='bbox 684 3101 782 3183; x_wconf 82' lang='grc' dir='ltr'>Ἔρως.</span> 
     </span>
    </p>
   </div>
   <div class='ocr_carea' id='block_1_7' title="bbox 250 3251 1114 3333">
    <p class='ocr_par' dir='ltr' id='par_1_13' title="bbox 250 3251 1114 3333">
     <span class='ocr_line' id='line_1_26' title="bbox 250 3251 1114 3333; baseline 0.012 -29"><span class='ocrx_word' id='word_1_263' title='bbox 250 3255 281 3304; x_wconf 82' lang='grc'>25</span> <span class='ocrx_word' id='word_1_264' title='bbox 354 3251 413 3330; x_wconf 64' lang='grc' dir='ltr'>1η.</span> <span class='ocrx_word' id='word_1_265' title='bbox 439 3253 644 3333; x_wconf 87' lang='grc' dir='ltr'>Συνεῦχομαί</span> <span class='ocrx_word' id='word_1_266' title='bbox 667 3276 718 3311; x_wconf 93' lang='grc' dir='ltr'>σοι</span> <span class='ocrx_word' id='word_1_267' title='bbox 739 3254 762 3310; x_wconf 88' lang='grc' dir='ltr'><em>ὦ</em></span> <span class='ocrx_word' id='word_1_268' title='bbox 785 3253 971 3333; x_wconf 84' lang='grc' dir='ltr'>Σώκρατες]</span> <span class='ocrx_word' id='word_1_269' title='bbox 995 3256 1052 3313; x_wconf 85' lang='grc'>257</span> <span class='ocrx_word' id='word_1_270' title='bbox 1079 3254 1114 3314; x_wconf 85' lang='grc' dir='ltr'>Β.</span> 
     </span>
    </p>
   </div>
   <div class='ocr_carea' id='block_1_8' title="bbox 252 3394 1442 3873">
    <p class='ocr_par' dir='ltr' id='par_1_14' title="bbox 312 3394 1442 3771">
     <span class='ocr_line' id='line_1_27' title="bbox 353 3394 1441 3477; baseline -0.001 -25"><span class='ocrx_word' id='word_1_271' title='bbox 353 3396 387 3452; x_wconf 89' lang='grc' dir='ltr'>Τὸ</span> <span class='ocrx_word' id='word_1_272' title='bbox 404 3396 453 3470; x_wconf 80' lang='grc' dir='ltr'>μέν</span> <span class='ocrx_word' id='word_1_273' title='bbox 468 3397 673 3477; x_wconf 89' lang='grc' dir='ltr'>συνεῦχομαι</span> <span class='ocrx_word' id='word_1_274' title='bbox 690 3397 775 3472; x_wconf 79' lang='grc' dir='ltr'>εἶπεν,</span> <span class='ocrx_word' id='word_1_275' title='bbox 792 3394 885 3466; x_wconf 81' lang='grc' dir='ltr'>ἐπειδὴ</span> <span class='ocrx_word' id='word_1_276' title='bbox 901 3399 918 3466; x_wconf 80' lang='grc' dir='ltr'>ἡ</span> <span class='ocrx_word' id='word_1_277' title='bbox 934 3401 988 3452; x_wconf 79' lang='grc' dir='ltr'>τῶν</span> <span class='ocrx_word' id='word_1_278' title='bbox 1006 3394 1121 3453; x_wconf 82' lang='grc' dir='ltr'>πολλῶν</span> <span class='ocrx_word' id='word_1_279' title='bbox 1138 3396 1207 3476; x_wconf 77' lang='grc' dir='ltr'>εὔχη</span> <span class='ocrx_word' id='word_1_280' title='bbox 1226 3395 1301 3452; x_wconf 80' lang='grc' dir='ltr'>όνῦει</span> <span class='ocrx_word' id='word_1_281' title='bbox 1315 3394 1398 3453; x_wconf 83' lang='grc' dir='ltr'>πλέον</span> <span class='ocrx_word' id='word_1_282' title='bbox 1415 3418 1441 3452; x_wconf 88' lang='grc' dir='ltr'>τι</span> 
     </span>
     <span class='ocr_line' id='line_1_28' title="bbox 313 3492 1441 3574; baseline -0.001 -24"><span class='ocrx_word' id='word_1_283' title='bbox 313 3501 362 3551; x_wconf 90' lang='grc' dir='ltr'>τοῦ</span> <span class='ocrx_word' id='word_1_284' title='bbox 377 3494 437 3559; x_wconf 70' lang='grc' dir='ltr'>ἑνὸς</span> <span class='ocrx_word' id='word_1_285' title='bbox 457 3492 565 3574; x_wconf 78' lang='grc' dir='ltr'>ἀνδρός.</span> <span class='ocrx_word' id='word_1_286' title='bbox 582 3530 621 3539; x_wconf 93' lang='lat'><em>-</em></span> <span class='ocrx_word' id='word_1_287' title='bbox 634 3495 670 3552; x_wconf 86' lang='grc' dir='ltr'>Τὸ</span> <span class='ocrx_word' id='word_1_288' title='bbox 687 3493 715 3551; x_wconf 84' lang='grc' dir='ltr'>δὶ</span> <span class='ocrx_word' id='word_1_289' title='bbox 734 3492 826 3573; x_wconf 86' lang='grc' dir='ltr'>είπερ</span> <span class='ocrx_word' id='word_1_290' title='bbox 847 3492 985 3569; x_wconf 81' lang='grc' dir='ltr'>όμεινον</span> <span class='ocrx_word' id='word_1_291' title='bbox 1004 3492 1046 3551; x_wconf 84' lang='grc' dir='ltr'>δεῖ</span> <span class='ocrx_word' id='word_1_292' title='bbox 1063 3499 1154 3551; x_wconf 84' lang='grc' dir='ltr'>ποιεῖν</span> <span class='ocrx_word' id='word_1_293' title='bbox 1172 3496 1267 3564; x_wconf 78' lang='grc' dir='ltr'>κοινὴν</span> <span class='ocrx_word' id='word_1_294' title='bbox 1284 3496 1334 3566; x_wconf 77' lang='grc' dir='ltr'>τὴν</span> <span class='ocrx_word' id='word_1_295' title='bbox 1354 3494 1441 3573; x_wconf 75' lang='grc' dir='ltr'>εὐχὴν</span> 
     </span>
     <span class='ocr_line' id='line_1_29' title="bbox 312 3592 1442 3675; baseline -0.001 -25"><span class='ocrx_word' id='word_1_296' title='bbox 312 3595 364 3664; x_wconf 80' lang='grc' dir='ltr'>τήν</span> <span class='ocrx_word' id='word_1_297' title='bbox 378 3594 523 3651; x_wconf 89' lang='grc' dir='ltr'>κοινωνίαν</span> <span class='ocrx_word' id='word_1_298' title='bbox 537 3600 592 3652; x_wconf 82' lang='grc' dir='ltr'>τῶν</span> <span class='ocrx_word' id='word_1_299' title='bbox 607 3598 703 3675; x_wconf 83' lang='grc' dir='ltr'>ψυχῶν</span> <span class='ocrx_word' id='word_1_300' title='bbox 718 3593 986 3669; x_wconf 82' lang='grc' dir='ltr'>άπομαντευόμενον·</span> <span class='ocrx_word' id='word_1_301' title='bbox 1004 3595 1073 3668; x_wconf 86' lang='grc' dir='ltr'>ὁμοῦ</span> <span class='ocrx_word' id='word_1_302' title='bbox 1088 3594 1139 3671; x_wconf 83' lang='grc' dir='ltr'>γάρ</span> <span class='ocrx_word' id='word_1_303' title='bbox 1153 3594 1222 3663; x_wconf 76' lang='grc' dir='ltr'>ἦσαν</span> <span class='ocrx_word' id='word_1_304' title='bbox 1237 3594 1268 3649; x_wconf 88' lang='grc' dir='ltr'>τό</span> <span class='ocrx_word' id='word_1_305' title='bbox 1281 3592 1366 3649; x_wconf 81' lang='grc' dir='ltr'>πάλαι</span> <span class='ocrx_word' id='word_1_306' title='bbox 1381 3595 1442 3674; x_wconf 85' lang='grc' dir='ltr'>πρίν</span> 
     </span>
     <span class='ocr_line' id='line_1_30' title="bbox 315 3689 1441 3771; baseline -0.001 -22"><span class='ocrx_word' id='word_1_307' title='bbox 315 3690 404 3750; x_wconf 78' lang='grc' dir='ltr'>ἐλθεῖν</span> <span class='ocrx_word' id='word_1_308' title='bbox 425 3694 462 3756; x_wconf 86' lang='grc' dir='ltr'>είς</span> <span class='ocrx_word' id='word_1_309' title='bbox 482 3691 597 3771; x_wconf 87' lang='grc' dir='ltr'>γένεσιν.</span> <span class='ocrx_word' id='word_1_310' title='bbox 615 3727 656 3740; x_wconf 91' lang='grc'><strong>-</strong></span> <span class='ocrx_word' id='word_1_311' title='bbox 673 3698 777 3750; x_wconf 82' lang='grc' dir='ltr'>Ταῦτα</span> <span class='ocrx_word' id='word_1_312' title='bbox 796 3696 879 3767; x_wconf 78' lang='grc' dir='ltr'>ἡμῖν</span> <span class='ocrx_word' id='word_1_313' title='bbox 901 3693 986 3749; x_wconf 87' lang='grc' dir='ltr'>εἶναι</span> <span class='ocrx_word' id='word_1_314' title='bbox 1006 3692 1093 3765; x_wconf 79' lang='grc' dir='ltr'>εἶπεν,</span> <span class='ocrx_word' id='word_1_315' title='bbox 1115 3689 1207 3761; x_wconf 80' lang='grc' dir='ltr'>ἐπειδὴ</span> <span class='ocrx_word' id='word_1_316' title='bbox 1228 3691 1259 3748; x_wconf 85' lang='grc' dir='ltr'>οὔ</span> <span class='ocrx_word' id='word_1_317' title='bbox 1278 3692 1388 3756; x_wconf 86' lang='grc' dir='ltr'>πάντως</span> <span class='ocrx_word' id='word_1_318' title='bbox 1407 3694 1441 3748; x_wconf 75' lang='grc' dir='ltr'>τὰ</span> 
     </span>
    </p>

    <p class='ocr_par' dir='ltr' id='par_1_15' title="bbox 252 3787 1441 3873">
     <span class='ocr_line' id='line_1_31' title="bbox 252 3787 1441 3873; baseline -0.001 -26"><span class='ocrx_word' id='word_1_319' title='bbox 252 3789 284 3840; x_wconf 81' lang='grc'>30</span> <span class='ocrx_word' id='word_1_320' title='bbox 312 3793 469 3862; x_wconf 72' lang='grc' dir='ltr'>καθήκοντα</span> <span class='ocrx_word' id='word_1_321' title='bbox 483 3789 552 3870; x_wconf 81' lang='grc' dir='ltr'>τῷδε</span> <span class='ocrx_word' id='word_1_322' title='bbox 569 3797 607 3871; x_wconf 80' lang='grc' dir='ltr'>τῷ</span> <span class='ocrx_word' id='word_1_323' title='bbox 627 3792 759 3873; x_wconf 78' lang='grc' dir='ltr'>ἀνθρώπῳ</span> <span class='ocrx_word' id='word_1_324' title='bbox 778 3793 823 3848; x_wconf 83' lang='grc' dir='ltr'>καὶ</span> <span class='ocrx_word' id='word_1_325' title='bbox 842 3789 908 3869; x_wconf 81' lang='grc' dir='ltr'>τῷδε</span> <span class='ocrx_word' id='word_1_326' title='bbox 927 3794 1052 3863; x_wconf 75' lang='grc' dir='ltr'>καθήκει·</span> <span class='ocrx_word' id='word_1_327' title='bbox 1075 3787 1137 3848; x_wconf 88' lang='grc' dir='ltr'>οὔτε</span> <span class='ocrx_word' id='word_1_328' title='bbox 1158 3793 1214 3865; x_wconf 79' lang='grc' dir='ltr'>μὴν</span> <span class='ocrx_word' id='word_1_329' title='bbox 1229 3788 1309 3865; x_wconf 82' lang='grc' dir='ltr'>ίδμεν</span> <span class='ocrx_word' id='word_1_330' title='bbox 1325 3790 1360 3846; x_wconf 77' lang='grc' dir='ltr'>τά</span> <span class='ocrx_word' id='word_1_331' title='bbox 1378 3787 1441 3846; x_wconf 84' lang='grc' dir='ltr'>καθ’</span> 
     </span>
    </p>
   </div>
   <div class='ocr_carea' id='block_1_9' title="bbox 314 4010 1441 4228">
    <p class='ocr_par' dir='ltr' id='par_1_16' title="bbox 314 4010 1441 4228">
     <span class='ocr_line' id='line_1_32' title="bbox 345 4010 1440 4086; baseline -0.007 -16"><span class='ocrx_word' id='word_1_332' title='bbox 345 4015 848 4086; x_wconf 65' lang='grc' dir='ltr'>1ἀλλαχοῦίεμ.1’727Α;οί.195.3</span> <span class='ocrx_word' id='word_1_333' title='bbox 914 4016 944 4065; x_wconf 89' lang='lat'>10</span> <span class='ocrx_word' id='word_1_334' title='bbox 955 4014 1171 4081; x_wconf 82' lang='grc' dir='ltr'>φθόνος-χοροῦ</span> <span class='ocrx_word' id='word_1_335' title='bbox 1183 4013 1262 4064; x_wconf 58' lang='grc'>24711</span> <span class='ocrx_word' id='word_1_336' title='bbox 1326 4010 1360 4064; x_wconf 79' lang='grc'>14</span> <span class='ocrx_word' id='word_1_337' title='bbox 1374 4011 1440 4078; x_wconf 82' lang='lat' dir='ltr'><strong><em>Rep.</em></strong></span> 
     </span>
     <span class='ocr_line' id='line_1_33' title="bbox 314 4084 1441 4159; baseline -0.004 -19"><span class='ocrx_word' id='word_1_338' title='bbox 314 4088 327 4140; x_wconf 94' lang='grc'>1</span> <span class='ocrx_word' id='word_1_339' title='bbox 344 4090 389 4140; x_wconf 87' lang='grc'>327</span> <span class='ocrx_word' id='word_1_340' title='bbox 407 4091 430 4141; x_wconf 86' lang='grc' dir='ltr'><strong>Β</strong></span> <span class='ocrx_word' id='word_1_341' title='bbox 493 4091 524 4140; x_wconf 84' lang='grc'>15</span> <span class='ocrx_word' id='word_1_342' title='bbox 540 4090 576 4140; x_wconf 74' lang='grc'>01.</span> <span class='ocrx_word' id='word_1_343' title='bbox 592 4088 677 4139; x_wconf 84' lang='lat' dir='ltr'><strong>schol.</strong></span> <span class='ocrx_word' id='word_1_344' title='bbox 693 4087 728 4137; x_wconf 82' lang='lat' dir='ltr'>ad</span> <span class='ocrx_word' id='word_1_345' title='bbox 742 4087 788 4139; x_wconf 82' lang='lat'>257</span> <span class='ocrx_word' id='word_1_346' title='bbox 806 4087 828 4137; x_wconf 92' lang='lat' dir='ltr'><strong>B</strong></span> <span class='ocrx_word' id='word_1_347' title='bbox 845 4090 880 4150; x_wconf 83' lang='lat' dir='ltr'>(p.</span> <span class='ocrx_word' id='word_1_348' title='bbox 897 4086 942 4137; x_wconf 82' lang='lat'>271</span> <span class='ocrx_word' id='word_1_349' title='bbox 964 4085 1069 4147; x_wconf 66' lang='lat' dir='ltr'>Herm.)</span> <span class='ocrx_word' id='word_1_350' title='bbox 1085 4087 1274 4159; x_wconf 77' lang='grc' dir='ltr'>έπαμροτερίζη.</span> <span class='ocrx_word' id='word_1_351' title='bbox 1294 4084 1382 4157; x_wconf 73' lang='grc' dir='ltr'>Λυσίᾳ</span> <span class='ocrx_word' id='word_1_352' title='bbox 1396 4087 1441 4135; x_wconf 82' lang='grc' dir='ltr'>καὶ</span> 
     </span>
     <span class='ocr_line' id='line_1_34' title="bbox 315 4161 618 4228; baseline -0.01 -15"><span class='ocrx_word' id='word_1_353' title='bbox 315 4164 370 4226; x_wconf 81' lang='grc' dir='ltr'>ίμοί</span> <span class='ocrx_word' id='word_1_354' title='bbox 386 4161 516 4228; x_wconf 80' lang='grc' dir='ltr'>Σωκράτει</span> <span class='ocrx_word' id='word_1_355' title='bbox 530 4164 618 4224; x_wconf 74' lang='grc' dir='ltr'>ἕπηται</span> 
     </span>
    </p>
   </div>
   <div class='ocr_carea' id='block_1_10' title="bbox 315 4286 1445 4718">
    <p class='ocr_par' dir='ltr' id='par_1_17' title="bbox 315 4286 1442 4579">
     <span class='ocr_line' id='line_1_35' title="bbox 348 4286 1441 4361; baseline -0.007 -13"><span class='ocrx_word' id='word_1_356' title='bbox 348 4296 516 4361; x_wconf 78' lang='grc' dir='ltr'>Νὒὶείναι]</span> <span class='ocrx_word' id='word_1_357' title='bbox 531 4299 601 4349; x_wconf 72' lang='grc' dir='ltr'>’ἔσται</span> <span class='ocrx_word' id='word_1_358' title='bbox 614 4292 798 4361; x_wconf 67' lang='grc' dir='ltr'>Α*(8θ(1είναι</span> <span class='ocrx_word' id='word_1_359' title='bbox 810 4293 840 4342; x_wconf 85' lang='lat' dir='ltr'>in</span> <span class='ocrx_word' id='word_1_360' title='bbox 854 4305 939 4356; x_wconf 79' lang='lat' dir='ltr'>marg.</span> <span class='ocrx_word' id='word_1_361' title='bbox 953 4296 978 4352; x_wconf 72' lang='lat' dir='ltr'>a)</span> <span class='ocrx_word' id='word_1_362' title='bbox 1042 4286 1271 4357; x_wconf 75' lang='grc' dir='ltr'>2οὔδένῙοῦδὲΜ</span> <span class='ocrx_word' id='word_1_363' title='bbox 1337 4291 1441 4358; x_wconf 81' lang='grc' dir='ltr'>5τῷ,τ</span> 
     </span>
     <span class='ocr_line' id='line_1_36' title="bbox 315 4361 1441 4436; baseline -0.007 -16"><span class='ocrx_word' id='word_1_364' title='bbox 315 4370 389 4420; x_wconf 82' lang='lat' dir='ltr'>rubr.</span> <span class='ocrx_word' id='word_1_365' title='bbox 405 4373 429 4420; x_wconf 88' lang='grc' dir='ltr'>Α</span> <span class='ocrx_word' id='word_1_366' title='bbox 492 4370 508 4419; x_wconf 86' lang='grc'><strong>6</strong></span> <span class='ocrx_word' id='word_1_367' title='bbox 525 4365 630 4436; x_wconf 80' lang='grc' dir='ltr'>ἀπηχὲς]</span> <span class='ocrx_word' id='word_1_368' title='bbox 645 4366 736 4431; x_wconf 80' lang='grc' dir='ltr'>ἀπηνές</span> <span class='ocrx_word' id='word_1_369' title='bbox 759 4364 828 4415; x_wconf 79' lang='lat' dir='ltr'>Plat.</span> <span class='ocrx_word' id='word_1_370' title='bbox 893 4365 908 4413; x_wconf 89' lang='grc'>9</span> <span class='ocrx_word' id='word_1_371' title='bbox 923 4363 1033 4428; x_wconf 77' lang='grc' dir='ltr'>ἵσταται]</span> <span class='ocrx_word' id='word_1_372' title='bbox 1051 4367 1178 4430; x_wconf 75' lang='grc' dir='ltr'>ἱστόρηται</span> <span class='ocrx_word' id='word_1_373' title='bbox 1195 4363 1227 4411; x_wconf 68' lang='lat' dir='ltr'>A*</span> <span class='ocrx_word' id='word_1_374' title='bbox 1244 4363 1324 4423; x_wconf 74' lang='lat' dir='ltr'><strong>(forte</strong></span> <span class='ocrx_word' id='word_1_375' title='bbox 1337 4361 1441 4413; x_wconf 78' lang='grc' dir='ltr'>ἵσταται</span> 
     </span>
     <span class='ocr_line' id='line_1_37' title="bbox 316 4433 1442 4509; baseline -0.011 -14"><span class='ocrx_word' id='word_1_376' title='bbox 316 4448 376 4508; x_wconf 68' lang='lat' dir='ltr'><strong>post</strong></span> <span class='ocrx_word' id='word_1_377' title='bbox 386 4446 464 4509; x_wconf 79' lang='grc' dir='ltr'>χοροῦ</span> <span class='ocrx_word' id='word_1_378' title='bbox 475 4440 680 4505; x_wconf 72' lang='lat' dir='ltr'><strong>reportandum)</strong></span> <span class='ocrx_word' id='word_1_379' title='bbox 745 4437 775 4489; x_wconf 86' lang='grc'>16</span> <span class='ocrx_word' id='word_1_380' title='bbox 790 4439 879 4504; x_wconf 81' lang='grc' dir='ltr'>έχειΑ</span> <span class='ocrx_word' id='word_1_381' title='bbox 943 4434 975 4486; x_wconf 87' lang='grc'>18</span> <span class='ocrx_word' id='word_1_382' title='bbox 988 4435 1083 4500; x_wconf 78' lang='grc' dir='ltr'>πᾶσαν]</span> <span class='ocrx_word' id='word_1_383' title='bbox 1093 4445 1182 4487; x_wconf 83' lang='grc' dir='ltr'>πασῶν</span> <span class='ocrx_word' id='word_1_384' title='bbox 1196 4434 1224 4484; x_wconf 89' lang='grc' dir='ltr'>Μ</span> <span class='ocrx_word' id='word_1_385' title='bbox 1289 4436 1332 4484; x_wconf 80' lang='grc' dir='ltr'>καί</span> <span class='ocrx_word' id='word_1_386' title='bbox 1342 4433 1442 4483; x_wconf 80' lang='lat' dir='ltr'>addidi</span> 
     </span>
     <span class='ocr_line' id='line_1_38' title="bbox 379 4502 1375 4579; baseline -0.011 -15"><span class='ocrx_word' id='word_1_387' title='bbox 379 4513 409 4563; x_wconf 83' lang='grc'>19</span> <span class='ocrx_word' id='word_1_388' title='bbox 429 4512 508 4579; x_wconf 79' lang='grc' dir='ltr'>ἄγων]</span> <span class='ocrx_word' id='word_1_389' title='bbox 528 4512 628 4576; x_wconf 81' lang='grc' dir='ltr'>ἀνάγων</span> <span class='ocrx_word' id='word_1_390' title='bbox 652 4510 682 4559; x_wconf 90' lang='grc' dir='ltr'><em>Μ</em></span> <span class='ocrx_word' id='word_1_391' title='bbox 746 4509 775 4559; x_wconf 87' lang='grc'>21</span> <span class='ocrx_word' id='word_1_392' title='bbox 798 4509 862 4569; x_wconf 77' lang='grc' dir='ltr'>ἀλλ’,</span> <span class='ocrx_word' id='word_1_393' title='bbox 884 4508 900 4559; x_wconf 80' lang='grc' dir='ltr'>ά</span> <span class='ocrx_word' id='word_1_394' title='bbox 923 4507 996 4557; x_wconf 87' lang='lat' dir='ltr'>rubr.</span> <span class='ocrx_word' id='word_1_395' title='bbox 1019 4510 1044 4557; x_wconf 83' lang='lat' dir='ltr'>A</span> <span class='ocrx_word' id='word_1_396' title='bbox 1107 4506 1137 4556; x_wconf 84' lang='grc'>23</span> <span class='ocrx_word' id='word_1_397' title='bbox 1158 4504 1239 4556; x_wconf 83' lang='grc' dir='ltr'>πάντα</span> <span class='ocrx_word' id='word_1_398' title='bbox 1259 4502 1325 4555; x_wconf 84' lang='grc' dir='ltr'>ε’ίναι</span> <span class='ocrx_word' id='word_1_399' title='bbox 1346 4505 1375 4554; x_wconf 89' lang='grc' dir='ltr'><strong>Μ</strong></span> 
     </span>
    </p>

    <p class='ocr_par' dir='ltr' id='par_1_18' title="bbox 315 4575 1445 4718">
     <span class='ocr_line' id='line_1_39' title="bbox 315 4575 1445 4652; baseline -0.007 -17"><span class='ocrx_word' id='word_1_400' title='bbox 315 4586 345 4635; x_wconf 73' lang='grc'>211</span> <span class='ocrx_word' id='word_1_401' title='bbox 368 4576 964 4652; x_wconf 70' lang='grc' dir='ltr'>συνεόχομαι,σι·ιιῦε.Α(ἱυνεῦχομαιΜ111.</span> <span class='ocrx_word' id='word_1_402' title='bbox 978 4578 1018 4642; x_wconf 85' lang='grc'>26)</span> <span class='ocrx_word' id='word_1_403' title='bbox 1082 4577 1113 4627; x_wconf 89' lang='grc'>27</span> <span class='ocrx_word' id='word_1_404' title='bbox 1129 4575 1261 4641; x_wconf 69' lang='grc' dir='ltr'>τοῦΙτῆςί</span> <span class='ocrx_word' id='word_1_405' title='bbox 1326 4575 1445 4627; x_wconf 72' lang='grc' dir='ltr'>29ταῦθ·</span> 
     </span>
     <span class='ocr_line' id='line_1_40' title="bbox 317 4653 619 4718; baseline -0.017 -10"><span class='ocrx_word' id='word_1_406' title='bbox 317 4656 385 4708; x_wconf 64' lang='lat' dir='ltr'>Plan.</span> <span class='ocrx_word' id='word_1_407' title='bbox 450 4657 481 4706; x_wconf 77' lang='lat'>³0</span> <span class='ocrx_word' id='word_1_408' title='bbox 499 4658 572 4718; x_wconf 87' lang='grc' dir='ltr'>ίσμεν</span> <span class='ocrx_word' id='word_1_409' title='bbox 591 4653 619 4703; x_wconf 89' lang='grc' dir='ltr'>Μ</span> 
     </span>
    </p>
   </div>
   <div class='ocr_carea' id='block_1_11' title="bbox 0 0 1590 5512">
    <p class='ocr_par' dir='ltr' id='par_1_19' title="bbox 0 0 1590 5512">
     <span class='ocr_line' id='line_1_41' title="bbox 0 0 1590 5512; baseline 0 0"><span class='ocrx_word' id='word_1_410' title='bbox 0 0 1590 5512; x_wconf 95' lang='lat' dir='ltr'> </span> 
     </span>
    </p>
   </div>
  </div>
 </body>
</html>
