3164 5512
276 440 323 489 ιιι
658 431 798 484 ιῑιιιειοι·
820 402 1017 484 ψιιοιοοοι·

179 588 244 655 [1891
280 581 404 657 μέθοδον·
424 586 470 642 καὶ
488 589 505 657 ἡ
526 586 655 666 ῥητορικὴ
676 586 704 644 δέ
722 587 790 643 κατὰ
810 584 998 667 Ἀριστοτέλην
1017 586 1193 668 ἀντίστροφός
1214 587 1268 644 ἐστι
1288 592 1323 663 τῇ
1345 585 1402 644 δια-

278 679 401 758 λεκτικῇ,
419 683 538 741 τουτέστι
555 687 617 765 περὶ
634 687 667 743 τὰ
685 685 753 742 αύτᾶ
772 687 938 767 στρερομένη
957 687 1003 742 καὶ
1022 685 1192 767 ἶσόστρορσς·
1213 686 1330 764 καὶγὰρ
1351 686 1403 755 τὴν

278 780 349 852 ύλην
367 778 461 862 ’έχουσι
478 785 533 854 τὴν,
549 783 632 856 αύτήν
649 785 694 840 καί
712 782 831 850 ἐνδόξοις
845 785 994 865 κέχρηνται
1009 784 1201 864 ἐπιχειρήμασι
1213 784 1260 840 καὶ
1275 782 1404 859 δυνάμεα

278 874 403 956 λέγονται
414 881 458 935 καὶ
470 880 505 945 είς
515 881 548 937 τά
560 880 733 956 ἀντικείμενα
745 880 922 962 ἐπιχειροῦσι.
940 882 988 938 Καὶ
999 882 1068 938 κατὰ
1080 879 1214 937 Πλάτωνα
1227 879 1256 939 δὲ
1269 880 1403 960 κέχρηται

230 965 245 1012 5
276 979 310 1050 τῇ
330 977 450 1055 όριστικῇ
469 979 515 1035 καί
534 977 683 1059 διαιρετικῇ
704 977 812 1053 μεθόδῳ
831 981 846 1036 θ
866 980 968 1060 ῥήτωρ·
989 985 1049 1044 πῶς
1061 979 1112 1057 γάρ
1132 977 1268 1054 δυνάμεθα
1285 979 1338 1035 ἀπὸ
1353 984 1403 1035 τοῦ

278 1071 369 1151 ψέγειν
382 1075 430 1130 τὸν
445 1072 531 1153 ἔρωτα
546 1075 588 1132 ἐπὶ
603 1078 633 1133 τὸ
649 1075 771 1133 ἐπαινεῖν
786 1076 889 1149 ἐλθεῖν,
908 1080 946 1151 μὴ
965 1077 1074 1155 γνόντες
1089 1078 1139 1146 τὴν
1155 1077 1233 1155 φύσιν
1253 1083 1301 1133 τοῦ
1323 1075 1402 1154 λεγο-

280 1193 378 1248 μενου;

320 1322 375 1402 μετ’.
399 1322 490 1398 Ἐμοὶ
513 1326 571 1400 μέν
593 1325 744 1406 ραίνεται
764 1327 802 1383 τά
824 1324 919 1407 ἄλλοι]
942 1327 1001 1385 265
1024 1325 1060 1385 C.

318 1462 363 1517 Τᾶ
378 1463 437 1540 περὶ
459 1468 506 1519 τοῦ
530 1458 630 1542 ἔρωτος
655 1462 771 1542 μετρίως
793 1467 975 1544 πεπαῖχθαι
997 1465 1041 1519 καὶ
1062 1459 1235 1538 έξυμνῆσθαι.
1257 1497 1296 1506 -
1316 1461 1350 1518 Τό
1374 1459 1402 1517 δὲ

219 1554 248 1602 ¹⁰
272 1559 403 1617 ,τούτων
423 1557 455 1616 δὲ
473 1558 547 1638 λέγει
565 1563 615 1631 τήν
634 1559 797 1640 διαιρετικὴν
814 1563 860 1618 καὶ
875 1563 924 1633 την
944 1564 1090 1641 δριστικην.
1105 1596 1144 1605 -—
1157 1562 1192 1618 Τὸ
1208 1559 1236 1617 δὲ
1251 1561 1285 1617 ἐκ
1299 1560 1403 1640 τύχης

282 1656 464 1734 ρηθέντοιν·
488 1658 579 1738 ὥσπερ
601 1658 724 1739 ἀνωτέρω
748 1661 785 1724 είς
807 1666 881 1717 Πᾶνα
899 1662 944 1717 καὶ
962 1660 1075 1740 Νύμρας
1092 1661 1136 1716 καὶ
1157 1660 1265 1721 Μούσας
1288 1658 1402 1715 ἀνετίθει

281 1755 326 1810 τὸν
342 1754 438 1834 λόγον,
456 1756 528 1813 ούτω
541 1759 587 1813 καὶ
602 1762 647 1813 νῦν
662 1758 700 1822 εἷς
714 1757 802 1838 τύχην
817 1758 911 1837 ἀνάγει
925 1758 972 1814 τὸν
987 1756 1082 1836 λόγον.

322 1913 395 1993 ρπα’.
419 1912 523 1993 Τέχνη
547 1867 676 1996 λαθεῖν]
698 1915 757 1973 265
780 1913 819 1972 D.

323 2058 381 2117 Ἵνα
399 2067 534 2142 τεχνικῶς
552 2084 592 2126 τις
613 2060 691 2138 διέλῃ
711 2068 819 2141 πρῶτον
838 2063 878 2126 είς
898 2060 946 2119 δύο
963 2061 1068 2142 [πρώτη
1084 2063 1136 2141 γὰρ
1156 2062 1225 2133 αύτη
1240 2060 1370 2141 διαίρεσις
1386 2064 1403 2131 ἡ

220 2159 250 2209 15
282 2160 319 2223 εἰς
336 2156 395 2238 δύο)
411 2161 456 2216 καί
474 2157 541 2235 εἴπῃ
556 2165 604 2217 τού
620 2160 691 2234 ζῴου
704 2161 735 2216 τὸ
752 2161 800 2236 μέν
816 2160 939 2239 λογικὸν,
955 2160 985 2217 τὸ
1002 2157 1031 2216 δέ
1043 2158 1154 2237 ἄλογον,
1170 2161 1215 2215 καί
1233 2160 1272 2234 μή
1290 2157 1358 2234 είπη
1374 2161 1405 2213 τὸ

284 2257 332 2330 μέν
353 2254 505 2336 ἄνθρωπος,
525 2258 556 2313 τὸ
577 2255 605 2313 δέ
624 2256 706 2328 κύων,
725 2259 756 2314 τὸ
776 2256 805 2314 δὲ
824 2256 919 2314 ἄπουν·
940 2256 1027 2336 ἤγουν
1047 2255 1110 2329 εἴδη
1129 2258 1174 2314 καὶ
1192 2254 1294 2331 ἄτομα,
1311 2257 1329 2327 ἢ
1348 2253 1406 2312 δια-

283 2355 367 2435 ρορᾶς
383 2356 428 2411 καὶ
443 2352 517 2427 είδη,
533 2353 552 2425 ἤ
564 2377 590 2411 τι
604 2360 739 2434 τοιοῦτον·
755 2354 829 2413 ἀλλά
842 2353 882 2413 δεῖ
896 2357 927 2412 τὸ
943 2355 1071 2434 σύνεγγυς
1086 2350 1180 2412 λαθεῖν
1194 2354 1239 2410 καί
1252 2355 1408 2434 χρήσασθαι

283 2458 317 2529 τῇ
334 2454 453 2533 θριστοιῇ
473 2454 518 2510 καὶ
536 2452 681 2534 διαιρετικῇ
699 2452 805 2528 μεθόδῳ
825 2452 953 2517 δεόντως·
969 2458 1049 2509 τοῦτο
1062 2454 1113 2532 γᾶρ
1128 2452 1309 2527 έπιστημονύς
1325 2452 1407 2511 ἐστιν.

325 2604 398 2686 μεθ’.
421 2608 476 2672 Et:
500 2609 579 2684 μίαν
601 2607 703 2689 ἰδέαν]
726 2609 783 2668 265
806 2608 847 2668 D.

222 2756 254 2808 λθ
323 2761 461 2819 Τουτόστιν
477 2761 615 2840 ὁρίσασθαι
634 2762 666 2818 τὰ
683 2760 858 2841 διαιρεθέντα·
879 2764 906 2818 οί
922 2762 973 2841 γὰρ
989 2761 1101 2841 όρισμοί,
1109 2764 1165 2817 τῶν
1180 2757 1260 2817 είδῶν
1274 2759 1351 2818 εἰσιν.
1368 2758 1411 2814 T&

285 2857 315 2916 δέ
334 2857 489 2939 πολλαχῇ
512 2857 739 2939 διεσπαρμένα
760 2865 820 2924 πῶς
845 2860 882 2924 είς
903 2860 931 2917 ἓν
954 2857 996 2917 δεῖ
1017 2857 1088 2937 ἄγειν
1108 2858 1233 2936 ἀνωτέρω
1255 2852 1411 2934 ἐξηγήσατο

285 2952 347 3012 ἔνθα
362 2957 427 3036 ρησὶ
442 2957 473 3012 τὸ
489 2979 503 3011 ιι
520 2956 555 3013 ἐκ
568 2944 705 3014 πολλῶν
721 2957 769 3014 ἰὸν
784 2958 968 3028 αἰσθήσεων
985 2981 1000 3012 ιν
1021 2958 1065 3014 καί
1080 2958 1114 3013 τδι
1128 2950 1199 3031 ἑξῆς,
1217 2953 1304 3026 δῆλον
1321 2959 1412 3009 ποιῶν

284 3062 343 3118 τοῖς
354 3055 481 3111 ἀκούουσι
492 3055 552 3134 περίΙ
566 3057 598 3112 ού
611 3053 771 3133 διαλέγεται·
783 3056 852 3114 ὥστε
866 3058 911 3113 καὶ
927 3057 963 3125 είς
977 3056 1028 3126 τὴν
1042 3055 1136 3135 ρρόσιν
1149 3052 1258 3132 ἐγκαλεῖ
1272 3058 1311 3130 τῷ
1327 3053 1413 3124 λυσιάΙ

286 3153 326 3209 ότι
341 3152 468 3235 ἀσόρειαν
483 3152 595 3226 ἐποίησε
609 3159 645 3232 τῷ
662 3152 750 3232 λόγῳ,
770 3157 808 3230 μή
827 3155 907 3211 εἰπὼν
923 3156 985 3233 περὶ
999 3154 1069 3218 τίνος
1084 3151 1244 3231 διαλέγεται.

224 3310 255 3360 25
327 3312 398 3393 ριηζ
422 3312 543 3395 Ὥσπερ
563 3320 661 3372 τανῦν
683 3312 734 3395 δη]
757 3315 815 3374 265
837 3314 877 3373 D.

326 3459 430 3541 ’Ὠσπερ
450 3461 492 3535 ἐπὶ
509 3465 557 3518 τοῦ
574 3462 755 3540 προκειμένου
777 3459 991 3539 ύποδείγματος,
1014 3459 1087 3538 περὶ
1110 3456 1243 3538 ἔρωτος.
1266 3491 1305 3501 -
1324 3459 1359 3514 Τὸ
1384 3455 1413 3514 δὲ

288 3560 352 3618 εἴτε
368 3559 402 3617 εὖ
419 3558 483 3617 είτε
497 3565 602 3624 κακῶς
619 3558 748 3639 ἐλέχθη,
763 3559 897 3615 τουτέστιν
913 3556 969 3616 εἴτε
984 3558 1119 3637 ἐπιτυχῶς
1134 3555 1191 3614 εἴτε
1205 3555 1320 3636 φαύλως
1335 3554 1415 3613 εἴπο-

290 3681 351 3733 μεν·
375 3682 389 3713 ιι
405 3656 470 3737 ὅπερ
489 3657 523 3726 ἦν
541 3665 592 3729 τῆς
608 3658 707 3737 τέχνης
725 3656 893 3730 ἐποιήσαμεν
912 3657 958 3713 καὶ
976 3657 1044 3712 κατᾶ
1060 3657 1110 3725 τήν
1124 3654 1225 3734 τέχνην
1241 3644 1413 3728 ὡδεύσαμεν,

290 3754 330 3813 διὸ
344 3757 389 3813 καῖ
404 3757 435 3812 τὸ
451 3757 550 3837 σαρὲς
565 3756 611 3812 καί
626 3755 900 3834 ὁμολογούμενον
915 3752 1005 3834 έσχεν
1020 3755 1035 3810 ό
1050 3753 1116 3828 ἐμὸς
1131 3750 1242 3831 λόγος·
1261 3751 1345 3808 είπὼν
1360 3753 1415 3832 γὰρ

289 3934 526 4055 Ἇὲὲλριστστίλην
544 3930 622 3981 Rhec.
643 3930 780 3990 Α1,1354
799 3930 845 3980 al
909 3929 939 3979 ll
957 3931 1073 3996 ἀνωτέρω
1092 3927 1181 3978 2658
1245 3926 1275 3976 21
1293 3928 1415 3994 ἀνωτέρω

321 4120 383 4171 TIT
399 4121 412 4168 1
430 4128 482 4178 πῶς
497 4121 513 4182 ἡ
528 4117 647 4187 ῥητορικὴ
663 4119 823 4184 ἀντίστροφος
838 4124 867 4191 τῇ
880 4119 1023 4190 διαλεκτικῇ
1038 4116 1092 4165 κατ’
1108 4111 1303 4181 ἰλριστοτίληῦ

323 4238 538 4305 Νὓθκίχρηται
552 4250 606 4286 om.
624 4236 652 4285 Μ
717 4236 942 4308 5διαιρετικῇιιαί
960 4235 1074 4307 όριστικῇ
1100 4231 1130 4280 Μ
1192 4231 1290 4295 8έμοί,
1307 4234 1318 4282 ί
1336 4229 1415 4280 rubr.

292 4315 315 4361 A
378 4310 456 4361 τᾶλλα
471 4308 523 4357 M:
544 4308 576 4358 τᾶ
598 4307 641 4370 μέν
663 4307 727 4358 ἄλλα
747 4305 817 4357 Ρίαθ.
881 4305 1054 4371 9πεπαῖχθαι
1076 4303 1118 4366 (ex
1142 4303 1287 4369 πεπαίχθαι)
1310 4305 1351 4351 A:
1368 4300 1416 4352 πε·

291 4385 401 4449 πρᾶχθαι
416 4381 444 4430 Μ
459 4395 466 4432 :
481 4381 617 4431 πεπαῖαθαι
634 4378 704 4427 plat.
720 4377 781 4427 cod.
797 4376 840 4426 T:
857 4378 977 4427 πεπόσθαι
991 4375 1052 4425 cod.
1070 4373 1092 4423 B
1156 4374 1185 4422 11
1204 4374 1326 4441 ῥηθέντων
1342 4372 1416 4422 Plus.

354 4449 537 4519 ὣσπιρίόιςΜ
604 4449 632 4499 13
646 4448 872 4522 τέχνη,τι·ι]ί)ι·.ιλ
937 4447 966 4496 14
981 4445 1103 4510 parenth.
1116 4458 1171 4495 om.
1184 4444 1236 4494 EM
1301 4444 1332 4493 15
1346 4447 1415 4494 εἴποι

293 4526 316 4572 Α
380 4521 410 4571 19
433 4523 476 4581 εἷς,
498 4523 518 4573 εί
538 4521 610 4572 rubr.
632 4524 656 4569 A
720 4519 750 4569 23
767 4517 921 4571 ὥστε-24
939 4520 1135 4583 διαλίγεταιοω,
1151 4514 1205 4566 ΕΜ
1268 4514 1299 4564 25
1316 4512 1414 4580 ὥσπερ,

293 4591 313 4643 ὧ
328 4592 402 4642 rubr.
417 4596 439 4643 A
502 4595 577 4642 τανῦν
593 4588 633 4655 δὴ]
647 4590 678 4640 τά
693 4589 770 4653 νυνδὴ
786 4589 854 4640 plat.
869 4604 875 4640 :
890 4591 917 4640 τὸ
930 4589 1005 4652 νυνδὴ
1019 4589 1133 4637 δοιιλκκ
1195 4586 1226 4637 27
1242 4582 1286 4637 εἶτ’
1300 4583 1328 4637 εὗ
1343 4585 1414 4634 Ρίκῑ.
