3150 5504
295 441 326 492 40
663 427 804 480 ΕΡΜΕΙΟΥ
824 431 1021 482 ΦΙΛΟΣΟΦΟΥ

210 602 260 668 [79]
277 569 278 572 ¹
293 594 334 652 ότι
353 591 457 668 μᾶλλον
477 595 651 671 προστετήκει
668 599 708 667 τῷ
730 593 882 672 φαινομένῳ
901 567 991 651 κάλλει
1014 596 1029 650 ό
1048 594 1177 675 Φαῖδρος.
1200 629 1240 641 -
1261 597 1297 654 Τὸ
1316 596 1344 655 δέ
1363 599 1415 656 σοί

295 693 441 767 είπόμην
456 692 514 748 ἀντὶ
527 697 576 749 τοῦ
593 716 607 746 ιι
621 697 669 749 σοῦ
684 693 885 771 προυνοούμην.
904 715 918 747 ι)
935 695 1022 749 -Τὸ
1039 691 1067 750 δέ
1087 690 1336 775 συνεὸάκχευσα
1356 697 1414 753 ἀντὶ

293 796 340 848 τοῦ
357 813 371 844 ιι
390 787 593 867 μεμερισμένοις
610 789 757 868 ἐνήργησα.
777 815 791 844 ιι
808 791 909 871 Βάκχαι
922 792 972 870 γάρ
985 789 1077 872 έφοροι
1091 801 1141 864 τῆς
1156 801 1268 871 μερικῆς
1281 792 1414 874 δημιουρ-

291 891 365 968 γίας·
389 889 446 944 ἀντὶ
465 893 513 945 τοῦ
537 912 551 941 ιι
569 889 762 967 συνεμερίσθην
781 890 856 966 κάγὼ
875 891 935 969 περὶ
952 891 997 963 τὸν
1016 890 1115 948 Λυσίου
1136 891 1218 968 λόγον
1236 893 1280 949 καί
1299 889 1417 965 κατέόην

246 996 259 1042 5
293 988 341 1044 ἀπ’
354 980 515 1062 ἐμαυτοῦ.ν
537 988 627 1043 -Τὸ
647 986 674 1043 δὲ
693 996 752 1059 τῆς
770 985 828 1044 &ei
837 1011 872 1052 ας
892 983 1043 1068 κεφαλῆς
1063 989 1094 1044 τὸ
1114 989 1261 1069 ἀκρότατον
1276 991 1357 1049 αὐτοῦ
1372 994 1417 1049 καὶ

291 1087 321 1142 τὸ
344 1086 374 1142 ἐν
397 1093 447 1156 τῆς
468 1089 559 1164 ψυχῆς
584 1083 666 1157 δηλοῖ
689 1086 750 1165 περὶ
773 1087 787 1142 ὸ
810 1087 855 1142 καὶ
878 1089 892 1142 6
918 1085 1109 1161 ἐνθουσιασμὸς
1131 1089 1244 1165 γίνεται.
1268 1092 1362 1147 -Τὸ
1388 1089 1417 1147 δέ

292 1184 421 1250 παίζειν
440 1182 524 1255 δηλοῖ
543 1185 592 1258 μὲν
606 1185 651 1240 καὶ
664 1185 714 1253 τήν
732 1185 890 1263 Σωκράτους
908 1186 969 1263 περὶ
985 1186 1031 1241 τὸν
1046 1184 1127 1263 λόγον
1142 1185 1284 1265 ἐνέργειαν·
1303 1190 1348 1245 καίΙ
1364 1189 1416 1268 γὰρ

292 1281 384 1339 παιὸι-ιὶ
398 1286 466 1340 θεῶν
480 1284 494 1338 6
509 1283 636 1354 αἰσθητὸς
651 1282 755 1356 κόσμος
771 1280 891 1361 εἶ’ρηται,
908 1280 976 1338 διότι
992 1284 1030 1347 ὡς
1048 1284 1116 1362 πρὸς
1137 1286 1185 1349 τὰς
1207 1289 1416 1365 προηγουμένας

292 1380 380 1437 αὐτῶν
394 1379 530 1460 ἐνεργείας
545 1381 592 1444 τάς
607 1380 675 1458 πρὸς
690 1380 723 1435 τὸ
740 1381 825 1437 οἰκεῖα
838 1378 909 1436 αίτια
926 1378 1018 1437 παιδιά
1038 1381 1106 1439 ἐστιν
1125 1384 1139 1439 ὸ
1158 1384 1284 1455 αἰσθητὸς
1302 1384 1415 1459 κόσμος,

231 1484 260 1533 1θ
293 1477 411 1550 σπουδῆς
433 1479 523 1553 μέντοι
542 1477 689 1558 ἐχόμενος,
710 1479 804 1535 καθότι
825 1480 864 1543 ὡς
885 1479 983 1537 οἷόντε
999 1478 1092 1560 ἄριστα
1106 1478 1179 1561 ἐχειν
1194 1483 1282 1547 οὕτως
1298 1480 1365 1562 ἔχει.
1382 1484 1417 1540 Τὸ

293 1577 316 1635 δ’
324 1578 387 1636 αὐτὸ
399 1578 444 1633 καὶ
459 1578 519 1655 περὶ
533 1577 584 1646 τὴν
595 1573 718 1656 θεωρίαν
732 1583 779 1634 τοῦ
791 1578 891 1635 Λυσίου
904 1577 988 1656 λόγου
1001 1579 1100 1661 πάσχει
1114 1583 1128 1637 6
1143 1582 1302 1660 Σωκράτης·
1316 1581 1418 1639 κάτεισι

292 1677 344 1756 γάρ
358 1677 410 1733 ἀπὸ
429 1684 479 1748 τῆς
494 1677 589 1732 ἑαυτοῦ
606 1683 698 1755 νοερᾶς
714 1673 836 1756 θεωρίας
854 1678 891 1741 είς
907 1678 957 1747 τὴν
973 1683 1021 1734 τοῦ
1039 1677 1124 1758 λόγου
1144 1672 1272 1750 ἐξέτασιν,
1289 1681 1356 1736 καθὸ
1370 1682 1417 1737 καὶ

294 1773 369 1832 δοκεῖ
387 1773 502 1841 παίζειν·
521 1775 567 1830 καὶ
591 1774 680 1848 μέντοι
696 1775 742 1831 καί
768 1773 926 1842 σπουδάζειν
947 1776 1013 1832 καθὸ
1034 1776 1113 1850 σῴζει
1131 1778 1177 1834 καὶ
1199 1776 1350 1856 διορθοῦται
1373 1780 1419 1835 τὸν

296 1875 368 1931 νέον.

231 2038 261 2087 15
334 2024 396 2092 λς’.
419 2021 501 2081 Ἀλλ’
525 2024 568 2089 ὡς
593 2023 725 2098 άληθῶς
752 2025 823 2082 εἶπέ
848 2026 928 2104 πρὸς
955 2026 1029 2088 Διὸς
1055 2023 1181 2106 φιλίου]
1206 2025 1264 2084 234
1288 2025 1325 2090 Ε.

333 2162 391 2241 Οὸχ
407 2161 444 2224 ὡς
461 2162 498 2225 είς
516 2160 618 2235 μονάδα
632 2161 678 2217 τὸν
694 2159 743 2216 Δία
757 2160 843 2216 πάντα
860 2159 987 2237 ἀνάγεται
1000 2160 1033 2216 τὰ
1051 2160 1181 2234 ὀνόματα·
1200 2159 1245 2215 καί
1263 2157 1313 2237 γάρ
1329 2156 1419 2238 φίλιος

294 2263 309 2317 6
328 2261 392 2326 Ζεὸς
417 2258 523 2339 λέγεται
546 2260 591 2315 καί
608 2256 698 2336 Ιξένιος
719 2259 764 2315 καὶ
784 2260 908 2330 κτήσιος·
930 2255 1009 2313 ἀ’λλοι
1027 2255 1055 2314 δέ
1075 2255 1159 2321 ἄλλας
1182 2255 1310 2330 δυνάμεις
1335 2255 1419 2311 αὐτοῦ

295 2357 463 2439 ἐμερίσαντο.
493 2360 542 2414 Καὶ
571 2358 620 2436 γὰρ
652 2355 759 2431 δαίμων
789 2354 894 2434 λέγεται
923 2349 1017 2425 ξένιος,
1046 2354 1091 2410 καί
1121 2351 1199 2417 θεός·
1231 2376 1245 2407 ιι
1273 2354 1287 2407 6
1312 2350 1419 2418 ξένιος

296 2457 436 2513 Ιεκάστου
459 2454 599 2531 δαίμων,
624 2455 705 2535 φησίν
730 2453 757 2510 έν
778 2455 915 2528 Νόμοις,
941 2459 984 2527 τῷ
1011 2447 1108 2526 ξενίῳ
1133 2450 1375 2525 συνεπόμενος.
1404 2474 1418 2503 υ

232 2574 264 2625 20
296 2555 412 2630 Ὀμοίως
432 2556 477 2612 καί
498 2555 590 2636 φίλιος
611 2552 730 2627 δαίμων.
750 2554 837 2610 Μόνον
855 2550 883 2608 δὲ
902 2551 1013 2609 ἐνταῦθα
1031 2553 1046 2607 6
1065 2548 1185 2629 Φαῖδρος
1210 2551 1255 2607 τὸν
1274 2548 1421 2628 Σωκράτην

297 2654 386 2736 φίλιον
401 2661 545 2734 προσεῖπεν
558 2655 596 2717 ὡς
614 2651 718 2728 μέλλων
734 2651 831 2710 λοιπὸν
843 2652 913 2730 πρὸς
929 2650 1008 2706 αιἰτὸν
1021 2649 1195 2729 ἐπιστρέφειν.

338 2806 391 2876 λζ’.
413 2807 464 2872 Ὡς
489 2808 526 2863 τά
550 2804 678 2880 δέοντα]
706 2803 765 2861 234
789 2802 825 2860 E.

336 2947 373 3003 T&
389 2946 438 3021 μέν
453 2943 546 3002 δέοντα
563 2944 636 3021 λέγει
653 2941 712 2998 ἀντί
728 2946 775 2997 του
789 2940 901 3018 τάγαθά·
921 2938 981 2996 δέον
997 2939 1047 3019 γάρ
1062 2941 1093 2996 τὸ
1108 2939 1218 3017 ἀγαθόν·
1235 2940 1305 3018 παρὸ
1328 2939 1422 3015 δεσμεῖ

298 3044 386 3101 ἐκεῖνο
406 3045 421 3099 ὸ
440 3042 472 3097 άν
491 3041 628 3121 κατάσχη·
649 3039 772 3102 ἐνώσεως
788 3037 838 3118 γάρ
858 3044 921 3094 πᾶσι
942 3035 1103 3112 μεταδίδωσι
1121 3037 1152 3093 τὸ
1170 3037 1281 3115 ἀγαθὸν,
1299 3039 1422 3095 τουτέστι

235 3153 265 3203 25
297 3142 328 3198 τὸ
350 3139 390 3200 έν.
416 3144 473 3196 [Ιοῦ
498 3137 526 3194 δὲ
553 3138 627 3195 είπεν
652 3139 666 3193 6
692 3134 810 3215 Φαῖδρος
833 3134 928 3192 δέοντα
952 3135 1087 3213 εἰρηκέναι
1112 3135 1158 3191 τὸν
1186 3135 1300 3213 ῥήτορα,
1326 3133 1420 3206 ἐπειδὴ

298 3241 312 3294 ό
334 3238 481 3317 Σωκράτης
499 3238 536 3300 ὡς
557 3236 638 3292 αὐτοῦ
655 3235 792 3314 εἰρηκότος
810 3232 962 3314 έχρησατο;
987 3232 1024 3288 Ἢ
1044 3230 1136 3304 ἐπειδὴ
1158 3233 1217 3290 είπε
1235 3229 1340 3307 μηδένα
1359 3237 1423 3288 τῶν

299 3335 466 3408 Ἑλλήνων
489 3334 581 3414 ἐ’χειν
603 3335 709 3391 εἰπεῖν
728 3331 829 3390 πλείω
850 3332 905 3388 καί
929 3330 1032 3406 μείζω
1051 3332 1118 3387 κατὰ
1140 3333 1190 3402 τὴν
1212 3329 1337 3404 δύναμιν,
1359 3332 1373 3385 6
1393 3328 1422 3386 δὲ

304 3522 598 3649 ιὃςεῖριμιφιέχοιιάιί.
613 3523 797 3587 etcorrip.,5
861 3524 891 3573 19
909 3522 971 3585 ch.
986 3522 1020 3584 V,
1034 3522 1120 3573 73οΑ
1183 3522 1213 3572 2³
1240 3524 1327 3586 δεσμεῖ
1346 3521 1422 3572 aliud

302 3612 331 3648 ιιι
370 3612 426 3648 ra.

333 3715 379 3765 ΝΟ
395 3714 592 3781 Ῑπροστετήκει]
605 3717 757 3781 προστέτηκε
769 3716 795 3764 Μ
851 3715 867 3765 2
881 3709 1068 3781 προυνοούμην]
1084 3710 1244 3781 προνοοόμην
1258 3714 1286 3763 Μ
1303 3713 1424 3780 (προῦνο-

301 3783 494 3850 οόμηνείοΑί)
558 3786 629 3838 3τοῦ
639 3792 702 3837 anie
714 3789 900 3853 μεμερισμένως
910 3799 964 3837 om.
977 3786 1005 3835 M
1071 3784 1313 3851 5έμαυτοῦῙαὸτοῦ
1330 3785 1358 3834 Μ

301 3858 332 3907 ῙΟ
347 3858 438 3921 μέντοι]
456 3857 504 3923 γάρ
518 3856 592 3908 τοιΕ
656 3852 893 3922 οίόντε]είέντιΕ
956 3856 1156 3921 12τής]τῶνΜ
1222 3854 1426 3923 νοερᾶςΙΙερᾶςα

302 3929 350 3979 sed
365 3928 461 3992 prioris
480 3929 622 3993 scriptume
640 3949 669 3980 νο
684 3943 760 3978 nunc
778 3928 871 3994 legere
888 3933 930 3979 esi
992 3928 1021 3977 13
1044 3931 1113 4000 δοκφῖ
1131 3931 1225 3987 παίζειν
1242 3941 1290 3991 μισ
1304 3927 1424 3978 lectione

302 3999 403 4051 codicis
417 4000 440 4049 Τ
455 4000 483 4048 in
500 4000 569 4050 Plat.
584 4004 687 4064 pugnat
750 3999 811 4050 tort.
828 3999 961 4058 σπουδάζει
976 3998 1127 4062 legendum
1191 4000 1220 4048 15
1236 4000 1299 4058 ἀλλ’,
1316 3999 1332 4048 ἁ
1347 3999 1422 4047 rubr.

303 4075 327 4121 Α
391 4071 421 4121 16
444 4071 503 4138 Οὐχ
521 4084 575 4122 om.
596 4072 625 4120 Μ
648 4071 743 4134 (junge
762 4071 839 4137 οὐχ...
863 4068 991 4135 ἀνάγεται)
1055 4071 1085 4119 17
1107 4070 1213 4135 λέγεται]
1235 4073 1287 4120 ἐστι
1308 4072 1346 4119 Αι
1369 4069 1425 4130 (vei

303 4144 391 4207 potius
410 4143 521 4206 aliquod
539 4143 734 4205 compendium
751 4141 823 4205 quod
844 4141 922 4191 nihili
940 4143 991 4202 est)
1056 4140 1137 4206 ἄλλοι]
1158 4142 1221 4192 ἄλλα
1243 4141 1271 4190 Μ
1337 4139 1424 4206 ἄλλος]

286 4217 380 4266 -άλλαν
404 4218 441 4263 Αι
464 4227 513 4277 per
533 4213 729 4276 compendium
793 4213 870 4264 αὑτοῦ
896 4226 950 4262 om.
976 4212 1002 4261 E
1060 4210 1091 4261 18
1112 4216 1126 4262 ὁ
1148 4215 1224 4270 ξένιος
1243 4211 1338 4275 scripsi
1359 4211 1424 4262 coll.

304 4286 393 4336 Flac:
412 4288 496 4343 ξένιος·
514 4290 527 4336 6
542 4285 603 4334 libri
667 4284 697 4333 19
714 4284 832 4348 ἑκάστου]
849 4283 961 4335 ἑκάστων
982 4282 1052 4332 Plat.
1117 4286 1212 4347 δαίμων
1225 4286 1299 4348 φησίν
1315 4284 1343 4331 Μ
1364 4287 1424 4347 φησὶ

304 4360 398 4420 δαίμων
416 4359 441 4406 Α
504 4360 599 4419 δαίμων
618 4359 661 4406 καὶ
680 4359 734 4414 θεός
755 4356 825 4406 piat.
889 4365 923 4422 τῷ
943 4354 1041 4405 οΠι.Ε
1105 4359 1270 4418 συνεπόμενοι
1290 4353 1359 4403 Plai.

304 4435 364 4491 post
382 4432 549 4492 συνεπόμενος
568 4428 684 4478 inseruit
706 4436 739 4494 τῷ
761 4429 801 4477 Διί
821 4427 848 4475 Μ
871 4426 923 4490 (Διί
940 4425 1021 4490 Piat.)
1085 4424 1115 4475 22
1132 4431 1175 4487 ὡς,
1199 4431 1219 4476 ὠ
1239 4425 1313 4475 rubr.
1335 4428 1359 4476 A

303 4500 333 4548 26
350 4499 457 4563 τάγαθὰ]
478 4500 560 4564 ἀγαθὲ
580 4499 608 4548 Μ
672 4498 703 4548 24
719 4501 791 4549 τοῦτο
812 4498 863 4549 ἐστι
882 4497 945 4547 libri
1006 4496 1037 4546 26
1058 4496 1235 4563 είρηκότωςΕ
1298 4497 1329 4548 27
1347 4499 1421 4559 μείζω

304 4572 346 4620 καὶ
361 4573 438 4620 πλείω
455 4570 522 4621 piat.
538 4570 603 4621 κατα
617 4569 660 4633 τὴν
676 4565 780 4632 δύναμιν
796 4572 873 4620 πλείω
888 4570 930 4618 καί
946 4570 1020 4632 μείζω
1036 4568 1063 4617 Μ
