3248 5512
356 521 397 571 20,
734 507 874 559 Errrfflor
896 508 1093 558 ΦΙΛΟΣΟΦΟΥ

273 687 322 752 [68]
355 666 404 734 την
423 662 604 742 γνωρίζουσαν
625 661 702 717 αότά·
725 662 770 716 καὶ
791 658 860 716 ἐστιν
883 660 949 731 αὕτη
972 663 989 730 ἡ
1013 653 1076 725 δόξα
1094 660 1166 731 ἥτις,
1191 660 1249 718 ἐπεὶ
1269 659 1472 740 ἀσυλλογίστως

352 768 407 819 τῶν
436 760 670 839 συμπερασμάτων
694 758 889 840 ἐπιδράττεται,
917 754 988 814 ἐστιν
1011 760 1042 814 οὔ
1068 761 1113 814 καί
1137 757 1313 839 ἐπιτυγχάνει
1336 763 1380 816 καί
1405 763 1472 818 ἀπο-

353 860 494 940 τυγχάνω
519 857 580 916 οὐδὲ
594 860 645 937 γάρ
667 858 707 914 ἀεὶ
725 859 770 914 καί
792 858 921 921 ὡσαύτως
937 855 997 937 ἔχει
1018 858 1047 913 τὸ
1067 856 1258 932 ὑποκείμενον.
1277 856 1350 915 Ἐπεὶ
1371 865 1437 937 γυῠν
1452 863 1470 930 ἡ

354 956 467 1032 δύναμις
487 967 534 1029 τῆς
560 954 638 1027 δόξης
660 955 735 1026 διττὴ
761 957 923 1035 εὑρίσκεται,
948 955 1180 1036 ἐπιτυγχανοόσης
1203 957 1250 1031 μέν
1274 957 1352 1013 εἰκὼν
1375 960 1389 1013 6
1412 965 1471 1013 Σω-

306 1072 320 1119 5
352 1056 452 1135 κράτης
467 1056 550 1127 αὐτῆς
566 1058 610 1112 οἶα
624 1061 677 1111 τῶν
691 1055 861 1133 πραγμάτων
876 1049 1012 1125 ἐπίγόολος
1025 1055 1069 1109 καὶ
1084 1055 1273 1135 ἁποφαντικὼς
1288 1057 1334 1111 καί
1352 1055 1471 1112 καθόλου

353 1154 580 1234 ἀποφαινόμενος,
604 1155 709 1232 «περὶ
729 1153 890 1209 πάντων»
913 1152 1002 1230 λέγων
1024 1177 1038 1206 ιι
1063 1153 1085 1208 ὦ
1108 1155 1180 1224 παὶ,
1205 1154 1257 1227 μία
1278 1154 1376 1234 ἀρχή·
1395 1177 1410 1207 »
1426 1156 1472 1210 καὶ
1509 1215 1512 1221 ,

352 1259 398 1309 νῦν
413 1252 441 1309 δὲ
464 1279 478 1306 «
494 1254 536 1317 ὡς
559 1248 668 1308 ’έοικεν
685 1275 699 1305 »
724 1252 805 1308 εἰπὼν
828 1253 877 1323 τὴν
900 1244 978 1317 δόξαν
1001 1249 1083 1322 δηλοῖ
1103 1253 1159 1328 [καί
1180 1248 1341 1328 ἀληθεύσας,
1357 1255 1418 1332 περὶ
1439 1255 1471 1309 06

351 1352 520 1431 ἀπεφήνατο]
534 1353 584 1421 τὴν
599 1350 841 1431 ἐπιτυγχάνουσαν·
862 1350 1105 1430 ἀποτυγχανοόσης
1129 1348 1157 1406 δὲ
1178 1350 1258 1406 εἰκὼν
1279 1351 1406 1417 όλυσίας
1425 1352 1471 1409 όίτε

351 1456 389 1523 τῷ
404 1451 559 1530 φαινομένῳ
581 1448 723 1530 προσέχων
745 1450 789 1504 καί
805 1455 906 1528 μερικῷ
921 1450 982 1528 περὶ
1001 1451 1015 1504 θ
1036 1451 1081 1504 καί
1101 1452 1119 1520 ἡ
1141 1448 1200 1504 καθ’
1222 1447 1359 1525 ὑπόληψιν
1380 1451 1468 1521 ἀπάτη

289 1570 320 1619 10
351 1548 465 1625 γίνεται.
484 1545 517 1603 “0
532 1570 557 1602 τι
572 1547 619 1603 οὖν
640 1547 744 1624 [εἰκών]
767 1547 836 1603 ἐστιν
859 1550 873 1604 6
897 1547 1043 1625 Σωκράτης
1065 1556 1115 1618 τῆς
1137 1540 1227 1621 δόξης,
1252 1550 1265 1603 6
1285 1547 1400 1628 Φαῖδρος
1421 1557 1471 1619 τῆς

352 1645 494 1726 φαντασίας
513 1646 578 1721 ἐστὶ,
594 1647 640 1701 καί
659 1647 672 1700 6
692 1644 790 1711 Λυσίας
808 1654 857 1716 τῆς
874 1646 1035 1716 αἰσθήσεως·
1053 1647 1067 1701 6
1084 1645 1132 1720 μέν
1148 1645 1245 1710 Λυσίας
1259 1648 1305 1721 ἅτε
1328 1646 1359 1702 ἐν
1379 1643 1471 1704 ἄστει

350 1743 451 1822 διάγων
466 1746 579 1807 καὶτοῖς
601 1743 773 1824 φαινομένοις
793 1743 947 1825 προσέχων,
971 1746 985 1800 6
1008 1742 1036 1800 δέ
1057 1742 1175 1823 Φαῖδρος
1198 1746 1245 1801 σ’ίτε
1266 1746 1311 1801 καί
1331 1740 1391 1810 ἔξω
1413 1751 1471 1802 τοῦ

264 1864 334 1928 p.69
351 1843 501 1924 τείχους,
524 1848 579 1899 τῶν
605 1842 609 1921 Ι
635 1844 769 1914 αἰσθητῶν
792 1840 910 1914 δηλαδὴ,
938 1842 1128 1922 προῃρημένος
1153 1840 1266 1915 όδεόειν,
1293 1846 1342 1914 τήν
1371 1839 1470 1921 βίόλον

353 1941 394 1997 ἐπ’
413 1942 551 2020 ἀριστερᾶς
572 1938 645 2021 έχων
666 1943 711 1997 καί
731 1942 763 1997 τά
784 1940 1002 2019 ἐναπομάγματα
1021 1950 1072 2012 τῆς
1094 1942 1257 2013 αἰσθήσεως.
1280 1941 1400 2022 ’Ἐχομεν
1423 1942 1470 1999 οὗν

287 2061 318 2113 15
352 2037 471 2095 ἐντευθεν
488 2040 554 2109 ὡςί,
571 2036 635 2104 δόξα
649 2038 732 2096 πλέον
752 2039 897 2096 οἰκειοῦται
912 2045 946 2114 τῇ
966 2038 1097 2118 φαντασίᾳ
1117 2039 1135 2109 ἢ
1157 2043 1190 2114 τῇ
1212 2040 1343 2109 αἰσθήσει·
1368 2039 1398 2096 ἐκ
1418 2041 1470 2119 γάρ

350 2146 399 2209 τῆς
423 2136 570 2218 φαντασίας
593 2139 638 2192 καί
658 2136 756 2215 λόγους
778 2133 914 2211 λαμόάνει
932 2135 1077 2214 (πολλάκις
1092 2138 1143 2215 γάρ
1160 2135 1223 2193 ἰδών
1242 2159 1281 2200 τις
1298 2139 1344 2192 καὶ
1365 2159 1470 2218 φαντα-

351 2237 493 2309 σιοόμενος
510 2231 619 2301 ἐδόξασα
634 2237 678 2291 καί
691 2237 751 2315 περὶ
764 2240 812 2291 τοῦ
826 2235 1031 2314 προκειμένου),
1047 2243 1097 2306 τῆς
1113 2233 1141 2291 δὲ
1155 2236 1303 2308 αἰσθήσεως
1318 2237 1363 2291 καί
1376 2236 1470 2315 πόρρω

351 2333 433 2406 οὔσης
448 2341 569 2414 προνοεῖ.
587 2331 690 2412 Ὥσπερ
712 2336 764 2413 γάρ
787 2335 809 2390 εἰ
832 2336 869 2408 μὴ
894 2333 927 2401 ἦν
950 2335 964 2389 6
986 2333 1098 2406 Λυσίας,
1119 2333 1168 2389 οὐκ
1186 2333 1218 2389 ἂν
1240 2335 1266 2392 oi
1286 2333 1367 2390 καλοὶ
1390 2333 1470 2411 λόγοι

350 2438 396 2489 τοῦ
424 2432 584 2512 Σωκράτους
606 2433 671 2511 πρὸς
696 2431 742 2489 τὸν
769 2430 887 2511 Φαῖδρον
913 2431 1095 2510 ἐγεγόνεισαν,
1126 2432 1210 2495 οὕτως
1236 2429 1292 2489 οὐδ’
1320 2433 1470 2504 αἰσθήσεως

287 2554 318 2604 2⁰
350 2529 433 2603 οὔσης
449 2532 499 2588 οὐκ
514 2530 576 2602 rvi,
595 2531 726 2611 φαντασία
741 2529 841 2609 λόγους
857 2552 891 2605 τη
907 2527 971 2605 δόξῃ
987 2529 1156 2610 παρέπεμπε.
1174 2532 1222 2586 Καὶ
1237 2530 1308 2587 οίίτω
1326 2530 1374 2605 μέν
1390 2529 1469 2609 εἰπερ

349 2630 363 2684 ό
381 2630 526 2709 Σωκράτης
542 2639 591 2701 τῆς
606 2622 686 2701 δόξης
704 2629 793 2686 εἰκών.
818 2630 847 2685 Εἰ
861 2627 889 2684 δέ
909 2630 922 2684 6
939 2628 1049 2701 Λυσίας,
1065 2629 1172 2692 πάντως
1188 2626 1217 2684 δέ
1235 2650 1266 2707 γε
1280 2638 1331 2700 τῆς
1352 2627 1469 2708 διημαρ-

349 2730 480 2802 τημένης,
498 2726 643 2807 ὁΦαῖδρος
660 2736 709 2798 τῆς
732 2725 851 2792 διανοίας
866 2726 897 2783 ἐν
914 2723 955 2798 εἰη
972 2728 1017 2783 καί
1031 2729 1045 2784 6
1063 2727 1210 2807 Σωκράτης
1227 2732 1273 2783 τοῦ
1289 2733 1346 2783 νοῦ·
1365 2727 1468 2790 ἐκεῖνος

351 2827 399 2901 μὲν
419 2827 461 2883 ότι
480 2824 523 2882 διά
538 2827 621 2901 μέσου
640 2825 831 2903 συλλογίζεται
850 2831 896 2881 τοῦ
921 2821 1028 2901 βιόλίου
1045 2826 1075 2881 τὸ
1094 2825 1263 2900 ζητούμενον
1284 2827 1328 2881 καί
1346 2825 1388 2881 ότι
1409 2821 1469 2892 ἐ’ξω

349 2925 486 3006 τείχους
512 2928 573 3001 [τῆς
598 2926 659 3003 περὶ
684 2925 717 2980 τά
741 2925 854 2994 αἰσθητά
877 2924 991 3000 ἀπάτης]
1021 2924 1173 3002 πορεύεται,
1201 2926 1251 2995 τὴν
1277 2920 1394 2989 διέξοδον
1420 2930 1468 2980 τοῦ

303 3046 313 3056 ·
350 3022 536 3102 συλλογισμοῦ
550 3023 595 3078 καί
611 3023 642 3078 τὸ
658 3019 692 3077 δι’
713 3020 802 3079 ἄλλου
823 3020 893 3079 ἄλλο
911 3017 1059 3096 συμθαῑνον
1076 3020 1267 3094 όποδηλοόσης
1288 3030 1336 3093 τῆς
1358 3014 1467 3087 λέξεως·

350 3123 364 3177 6
387 3120 415 3178 δέ
435 3120 484 3178 κάν
506 3121 572 3177 όπου
596 3119 657 3176 ποτ’
677 3120 697 3196 ᾖ
719 3120 768 3176 κ’άν
790 3120 867 3183 ἐκτὸς
889 3119 938 3176 κάν
963 3120 1034 3184 ἐντὸς
1056 3126 1111 3177 τιῖιν
1133 3121 1279 3193 αἰσθητῶν,
1303 3119 1379 3195 ὅμως
1404 3121 1471 3200 πρὸς

350 3222 443 3278 ἐαυτὸν
465 3217 703 3299 ἐπιστρεφόμενος.
727 3221 839 3298 Τριττὴν
863 3225 929 3296 γοῦν
952 3218 1058 3289 κίνησιν
1080 3217 1187 3276 δίδωσιν
1211 3221 1224 3274 ό
1247 3219 1331 3296 λόγος
1357 3224 1396 3293 τῷ
1417 3225 1469 3292 νῷ,

348 3323 397 3391 την
414 3317 557 3391 κυκλικὴν,
578 3319 627 3388 τήν
648 3313 797 3391 ἑλικοειδῆ,
818 3319 863 3373 καὶ
884 3320 934 3390 τὴν
953 3316 1013 3374 κατ’
1031 3317 1104 3374 εόθό·
1127 3319 1178 3388 τὴν
1201 3319 1249 3392 μὲν
1270 3315 1402 3387 κυκλικὴν
1424 3317 1471 3373 ότε

348 3417 414 3497 πρὸς
439 3418 533 3474 ἐαυτὸν
559 3415 619 3473 καθ’
638 3416 733 3472 ἐαυτὸν
753 3415 937 3496 ἐπιστρέφεται
961 3418 1007 3472 καί
1031 3417 1179 3496 άκροθιγὼς
1205 3421 1260 3472 τῶν
1285 3417 1471 3490 ὑποκειμένων

287 3536 318 3585 30
349 3515 533 3596 ἐπιδράττεται
548 3516 638 3593 ὥσπερ
653 3512 753 3577 κόκλος
770 3512 904 3579 ἐπίπεδος·
927 3515 963 3581 ὡς
982 3515 1032 3594 γάρ
1054 3513 1157 3578 ἐκεῖνος
1178 3516 1247 3571 κατά
1267 3513 1384 3571 πλείονα
1405 3513 1423 3584 θ
1442 3514 1471 3570 ἐν

350 3622 466 3690 σημεῖον
486 3614 535 3670 οὐκ
557 3613 587 3669 άν
610 3615 718 3689 ἅψεται,
746 3613 817 3670 οὕτω
837 3619 897 3678 νοῦς
918 3615 983 3693 πρὸς
1004 3613 1099 3669 ἐαυτὸν
1121 3612 1347 3694 ἐπιστρεφόμενος
1369 3611 1419 3668 οόκ
1439 3611 1472 3667 ἃν

349 3720 407 3777 τοῖς
426 3711 578 3775 πολιτικοῖς
597 3709 826 3783 καλινδηθησεται
846 3711 1013 3791 πράγμασιν·
1037 3710 1173 3801 ἑλικοειδῆ
1196 3709 1224 3767 δέ
1245 3710 1340 3787 ότετῇ
1364 3708 1471 3781 διανοίᾳ

379 3888 395 3938 6
409 3886 454 3938 237
471 3887 493 3936 Β

379 3994 440 4048 TIT
454 3996 484 4048 27
498 3994 590 4063 τρῙιττὴ
604 4000 648 4048 τοῦ
663 4000 707 4048 νοῦ
722 3995 839 4062 [κι]νησις
854 4001 878 4047 Α

381 4111 428 4161 Nc
442 4111 456 4160 1
471 4109 651 4177 γνωρίζουσαν]
661 4113 817 4176 γνωρίζουσα
832 4123 848 4159 a
910 4109 925 4162 2
939 4098 969 4160 06
980 4122 1014 4160 ex
1026 4108 1069 4160 οὗν
1080 4112 1103 4159 Α
1117 4122 1122 4158 :
1139 4108 1183 4160 οὖν
1195 4109 1223 4158 Μ
1237 4109 1302 4171 (jam
1312 4117 1469 4162 correxerat

349 4182 417 4242 Aer)
480 4182 553 4245 όμέν
570 4183 734 4231 evari.inA
797 4180 1099 4245 Ίκαὶ-θάπεφήνατο
1119 4180 1229 4241 seclusi,
1249 4181 1302 4230 nisi
1319 4187 1379 4244 posi
1390 4183 1467 4233 εἰπὼν
1534 4214 1536 4218 -

349 4259 485 4317 reportare
502 4254 562 4304 haec
574 4254 659 4303 verba
671 4253 801 4303 malueris
863 4251 880 4302 8
896 4251 948 4315 ἅτε]
960 4253 1016 4304 οὔτε
1027 4251 1054 4302 Μ
1120 4252 1178 4303 10-‹3'
1191 4273 1212 4303 τι
1223 4253 1317 4316 scripsi
1330 4266 1335 4300 ι
1347 4252 1360 4303 ὃ
1370 4271 1395 4303 τε
1405 4253 1468 4303 iibri

349 4323 422 4374 εἰκών
442 4323 543 4374 seclusi
606 4324 636 4373 17
660 4323 687 4375 δὲ
710 4336 764 4373 om.
791 4324 818 4373 M
886 4322 916 4371 19
940 4326 1097 4387 ἐγεγόνεισαν
1121 4323 1160 4372 sio
1180 4323 1241 4372 libri
1304 4322 1335 4372 20
1354 4331 1383 4397 τῇ
1407 4326 1468 4386 δόξη

348 4394 479 4459 λόγουςΜ
546 4394 575 4444 21
589 4402 632 4459 τῆς
646 4398 706 4456 post
718 4393 855 4460 Σωκράτης
869 4407 927 4443 om.
946 4394 975 4443 Μ
1039 4393 1069 4442 23
1086 4394 1127 4444 δεδι
1140 4397 1184 4444 τοῦ
1197 4395 1316 4457 μίσουΜ
1382 4384 1468 4457 mres:

284 4492 287 4495 v
348 4493 379 4500 —
394 4465 488 4529 ἀπάτης
508 4465 607 4515 seclusi
627 4465 689 4522 (nisi
705 4465 806 4515 addere
823 4467 948 4516 τουτέστιν
964 4465 1105 4526 malueris)
1169 4464 1200 4513 26
1216 4459 1231 4538 ᾖ
1247 4478 1281 4515 ex
1296 4466 1316 4514 εί
1331 4467 1356 4514 Α
1369 4464 1403 4526 (θ)

349 4535 420 4602 πρὸς]
444 4540 499 4602 περὶ
515 4537 542 4586 Μ
607 4534 637 4584 27
658 4538 732 4586 αὐτόν
752 4536 779 4585 Μ
845 4535 916 4601 γοῦν]
932 4533 976 4587 οὖν
995 4536 1022 4585 Μ
1088 4536 1162 4586 29-30
1185 4539 1357 4602 ἐπιστρέφηται
1372 4540 1468 4587 estrei·

349 4608 479 4674 δράττηται
498 4610 522 4657 Α
587 4606 617 4656 30
627 4610 740 4664 ἐπίπεδος
750 4606 847 4671 scripsi
863 4621 868 4656 :
885 4609 1002 4659 ἐπιπέδου
1017 4610 1041 4657 Α
1057 4618 1064 4658 2
1081 4609 1119 4659 ἐπὶ
1139 4609 1214 4659 πέδου
1234 4607 1262 4657 Μ
1328 4607 1356 4656 31
1377 4606 1467 4673 ἅψεται

349 4676 459 4742 scripsi:
475 4679 568 4745 ἅψηται
583 4675 646 4728 libri
660 4679 705 4741 (oi.
723 4678 763 4742 32)
