3120 5506
319 467 373 521 ΕΙΣ
394 472 454 521 TON
478 467 654 521 ΠΛΑΤΩΝΟΣ
674 470 816 522 mmm·
841 467 963 520 sxoxlA
1157 476 1201 527 175

1 630 37 694 56]
73 624 100 678 οί
119 623 224 680 νεοττοί
241 619 285 678 διά
304 623 354 691 τήν
373 625 485 702 φυσικὴν
504 625 674 693 κατασκευὴν
696 621 815 703 ἐφίενται
835 625 883 699 μὲν
902 629 949 681 τοῦ
971 632 1080 695 πτῇναι,
1104 622 1203 680 ἀδυνα·

74 725 151 777 τοῦσι
172 718 201 776 δέ
220 720 266 781 καί
285 721 489 800 καταφέρονται,
512 721 558 776 τὸν
578 720 660 776 αὐτὸν
680 721 780 800 τρόπον
802 723 846 777 καί
867 724 895 778 αί
918 722 1013 779 νεωστί
1038 722 1203 799 ἀνοιγόμεναι

1 827 57 876 νίν·
73 817 159 898 ψυχαί
181 816 269 891 τοάτῳ
289 823 326 895 τῷ
346 819 426 873 πάθει
448 817 650 885 ἀπεικάζονται·
674 816 814 898 ἐφιέμενοι
837 820 886 893 μέν
906 819 1026 889 ἐκείνων,
1051 818 1055 897 1
1077 818 1152 874 κάτω
1175 815 1204 873 δέ

72 917 309 993 κατακρατήσασαι
332 913 374 971 διά
394 916 425 972 τὸ
449 919 534 991 μήπω
557 915 723 995 ένιδρυθῆναι
748 916 776 974 έν
796 916 897 988 αὐτοῖς,
918 915 1090 974 ἀδυνατοῦσιν
1110 916 1153 972 ἐπί
1172 917 1203 971 τὸ

26 1024 42 1073 5
74 1010 130 1070 ἀ’νω
143 1013 296 1085 ἀναπτῆναι
308 1015 352 1069 καί
367 1014 419 1069 ἀπὸ
434 1020 487 1071 τῶν
501 1015 636 1086 αἰσθητῶν
652 1014 694 1071 έπὶ
708 1015 742 1071 τά
753 1014 883 1086 διανοητά
897 1015 1018 1094 γενέσθαι
1034 1013 1078 1094 (τά
1090 1014 1142 1093 γὰρ
1156 1022 1204 1086 τῆς

75 1115 169 1192 ψυχῆς
182 1114 308 1187 νοήματα
323 1109 451 1183 διανοητά
467 1110 613 1192 λέγονται),
633 1112 684 1170 εἶθ’
699 1114 787 1177 οὕτως
802 1113 855 1170 ἀπὸ
870 1119 925 1170 τῶν
946 1104 1095 1185 διανοητῶν
1110 1111 1153 1168 έπί
1171 1112 1204 1167 τά

75 1211 159 1281 νοητά
174 1211 326 1288 ἀνάγεσθαι.
344 1246 383 1254 -
396 1212 431 1267 Τό
444 1209 472 1268 δέ
489 1211 621 1288 βλέπων
641 1210 718 1284 ἀνω,
734 1218 799 1269 τῶν
817 1212 905 1269 κάτω
925 1210 958 1268 δέ
977 1211 1125 1286 ἀμελῶν,
1141 1232 1205 1267 του-

75 1307 147 1364 τέστι
162 1309 384 1393 προθυμοόμενος
399 1308 548 1388 ἀναχθῆναι
559 1310 604 1365 καί
615 1316 792 1390 καταφρονῶν
805 1315 860 1366 τῶν
875 1310 1095 1390 ἀνθρωπίνων
1111 1329 1206 1365 σπου·

77 1404 266 1480 δασμάτων,
293 1408 307 1462 ὃ
332 1408 377 1463 καὶ
401 1407 526 1484 ἀνωτέρω
554 1407 623 1478 εἶπε,
649 1407 681 1463 οό
705 1405 850 1482 δυνάμενος
874 1406 903 1464 δέ
928 1407 1010 1464 αὐτοῦ
1036 1407 1135 1464 ἐκείνου
1158 1412 1206 1465 τοῦ

15 1513 45 1563 10
78 1503 300 1580 σπουδαζομένων
315 1500 527 1584 καταδράξασθαι
542 1502 586 1561 διά
601 1507 631 1561 τὸ
648 1507 687 1580 μὴ
705 1508 887 1576 συνεθισθῆναι
903 1505 984 1584 αὐτῷ.

122 1686 156 1751 δ’.
183 1690 231 1754 Ὠς
253 1689 312 1770 ἀρα
334 1693 428 1768 αὕτη]
452 1692 510 1749 249
534 1691 569 1751 Ε,

217 1844 224 1859 θ
268 1842 310 1863 ΜΝ

123 1842 189 1900 Ὧδε
211 1865 365 1901 αποοεοωκε
389 1846 434 1900 τόν
455 1845 541 1901 πάντα
562 1846 653 1923 λόγον,
675 1847 715 1903 ότι
734 1848 834 1926 κυρίοις
857 1847 997 1926 ἐραστὴς
1017 1849 1172 1906 καλεῖται
1194 1851 1208 1906 ό

81 1942 202 2014 ταότης
225 1951 280 2014 τῆς
307 1942 427 2017 μανίας
451 1942 532 2021 ἐρῶν,
557 1944 595 2008 είς
616 1945 646 2000 τό
672 1945 770 2017 νοητὸν
794 1944 898 2009 κάλλος
921 1948 966 2002 καὶ
986 1947 1051 2003 αὐτὸ
1073 1949 1103 2003 τὸ
1122 1948 1208 2004 καλὸν

82 2041 250 2118 ἀναγόμενος
264 2042 308 2096 καί
324 2041 477 2118 συνανάγων
491 2042 525 2097 τά
537 2040 659 2101 παιδικά.

24 2219 52 2268 15
184 2214 333 2294 Καθάπερ
355 2215 414 2294 γάρ
437 2212 577 2295 είρηται]
601 2215 659 2274 249
681 2215 718 2275 Ε.

127 2371 160 2430 “A
180 2373 256 2430 εἶπεν
276 2373 411 2451 ἀνωτέρω,
431 2377 515 2428 ταῦτα
535 2371 562 2428 έν
582 2373 708 2449 συντόμῳ
724 2374 810 2430 πάντα
831 2373 983 2452 συνάγεται·
1003 2383 1100 2432 ,θεᾶται
1113 2376 1165 2454 γάρ
1178 2376 1211 2431 τά

86 2470 149 2529 ’όντα
165 2469 206 2528 διὸ
220 2473 265 2527 καί
280 2470 392 2551 ἐφίεται·
410 2470 441 2527 οά
457 2472 507 2550 γάρ
523 2469 554 2527 ἀν
570 2469 660 2551 έφίετο
675 2473 713 2527 ῶν
733 2474 840 2546 μήποτε
855 2470 993 2530 ἐθεάσατο·
1012 2470 1055 2529 διά
1069 2477 1147 2530 έοῡτο
1164 2472 1210 2530 οὖν

86 2570 173 2627 πάντα
186 2570 218 2626 τά
232 2568 358 2649 ἀνωτέρω
370 2569 403 2625 τά
416 2569 477 2648 περὶ
491 2572 583 2650 ψυχῆς
601 2571 671 2641 εἷπε,
689 2567 792 2636 δεικνὺς
806 2570 872 2628 οίων
888 2571 995 2649 ἀγαθῶν
1011 2570 1098 2637 αίτιος
1112 2574 1130 2642 ἦ
1135 2578 1182 2647 μίν
1198 2573 1212 2627 ό

87 2667 156 2748 έρως
181 2669 289 2746 γίνεται,
315 2666 421 2745 ἀνάγων
444 2670 519 2741 ἡμᾶς
543 2667 582 2731 είς
607 2669 637 2724 τὸ
663 2666 821 2728 αότόκαλον.
848 2668 949 2726 Φόσει
973 2668 1001 2726 δέ
1023 2670 1097 2727 εἶπεν
1120 2667 1211 2738 ἐπειδὴ

25 2770 56 2820 θθ
87 2775 173 2824 πᾶσα
187 2769 272 2848 ψυχὴ
288 2767 383 2849 φόσει
402 2768 555 2824 τεθέαται
574 2767 611 2823 τά
630 2765 719 2840 όντα,
736 2766 808 2825 ἀλλά
823 2767 855 2825 οό
870 2774 941 2824 πάσα
957 2764 1016 2848 έχει
1033 2767 1099 2824 αάτά
1114 2763 1212 2846 προθε-

89 2862 217 2940 όλημένα
237 2866 282 2922 καί
303 2865 406 2944 ἐνεργά,
428 2862 468 2921 διὸ
489 2863 549 2921 οάδέ
570 2864 689 2944 εὐχερῶς
709 2865 805 2944 καίπερ
824 2866 919 2946 φύσει
939 2866 1005 2922 αότά
1024 2864 1124 2946 έχοντα
1141 2865 1213 2921 ἀνα-

92 2963 318 3040 μιμνῄσκεται
338 2968 393 3020 τῶν
414 2959 508 3023 όντων.

132 3138 166 3206 ς’.
190 3138 270 3197 Οίίτε
293 3138 365 3195 ὅσαι
389 3138 531 3218 βραχέως
553 3134 656 3219 εἶδον]
679 3140 738 3198 250
760 3139 798 3200 Α.

135 3301 283 3375 Συντόμως
307 3300 401 3369 εἰπεῖν,
425 3298 457 3362 ἀς
479 3299 555 3356 εἶπεν
577 3300 666 3364 αίτίας
686 3307 735 3371 τῆς
754 3297 871 3356 καθόδου
892 3299 1027 3378 ἀνωτέρω,
1049 3299 1148 3362 ταύτας
1170 3303 1216 3354 νῶν

30 3406 60 3456 25
93 3398 163 3477 λέγει
182 3398 268 3462 αίτίας
291 3398 422 3455 εἶναικαὶ
441 3403 488 3454 τοῦ
510 3399 548 3473 μὴ
569 3397 818 3474 ἀναμιμνῄσκεσθαι
837 3396 1076 3477 ρᾳδίως.”’1ερῶν
1093 3396 1122 3454 δέ
1142 3397 1217 3453 εἶπεν

94 3495 185 3568 ἐπειδὴ
207 3498 292 3576 ίεροῖς
311 3497 356 3552 καί
375 3495 531 3576 ἀνακτόροις
551 3497 596 3552 καί
615 3494 720 3561 ἀδότοις
740 3495 824 3574 ἁγίοις
845 3496 983 3563 ἀπεικάζει
1004 3494 1092 3552 ἐκεῖνα
1106 3496 1139 3552 τά
1153 3496 1219 3552 3ιά-

96 3615 178 3671 gun.

126 3859 142 3907 θ
159 3859 276 3923 ἀνωτέρω
294 3855 401 3905 24961)

129 3992 176 4044 ΝΟ
192 3993 263 4043 2τίιν
279 3991 354 4042 αὑτὸν
367 3988 423 4037 -θ
439 3992 540 4040 ἐκείνων
555 4003 608 4039 οιιι.
625 3986 703 4037 DEM
769 3989 783 4038 3
800 3987 878 4053 κάτω]
895 3987 959 4040 οὗτοι
976 3983 1028 4038 EM
1093 3986 1130 4053 δὲ]
1146 3988 1176 4051 δὴ
1191 3986 1218 4037 Μ

158 4066 173 4114 ί
194 4059 429 4129 κατακρατήσασαι]
454 4077 466 4105 ιι
483 4074 552 4109 num
578 4059 776 4126 άκρστήσασαιί
793 4078 805 4106 ιι
830 4061 887 4109 Λει·
957 4061 971 4109 5
995 4058 1124 4125 διανοητὰ]
1144 4061 1221 4122 νοητά

99 4131 177 4188 DEM
194 4154 207 4183 ιι
222 4131 403 4183 scribendum
418 4135 536 4195 διανόητα
552 4150 564 4196 υ
580 4136 638 4182 ΑΒΤ
701 4132 851 4194 θάιοινόητα
868 4130 895 4181 Μ
961 4131 1108 4195 διανοητῶν]
1125 4140 1222 4194 νοητῶν

100 4207 179 4257 DEM
201 4197 412 4255 «scribendum
433 4202 572 4265 διανοήτων
589 4222 600 4249 ν
623 4207 681 4253 As?
742 4201 922 4267 ῖάνάγεσθαι]
943 4202 1060 4269 ἀνάγεται
1082 4204 1144 4252 Α·;
1166 4216 1222 4252 om.

100 4279 179 4329 DEM
244 4279 271 4328 τό
294 4277 320 4328 δὲ
341 4289 394 4325 om.
421 4279 457 4323 A*
522 4277 619 4340 βλέπων
640 4276 683 4338 μὲν
707 4279 730 4323 Α
793 4275 808 4323 8
828 4271 1033 4340 προθυμούμενος
1057 4274 1099 4338 μέν
1125 4278 1161 4323 Α·

100 4347 244 4401 9εἷπενΜ
309 4345 399 4411 οάῙμὴ
416 4350 452 4394 A²
516 4344 649 4410 δυνάμενοι
667 4345 746 4395 DEM
811 4344 1068 4405 11ῶς,ῶ1ὐί)1·.Α
1132 4347 1162 4395 15
1176 4364 1224 4396 κα-

100 4421 187 4489 θάπερ,
207 4442 222 4472 κ
239 4420 312 4469 rubr.
334 4423 357 4468 Λ
421 4416 452 4466 16
468 4420 546 4467 ταῦτα
559 4430 612 4466 om.
631 4416 709 4466 DEM
774 4416 852 4468 18τά
870 4427 934 4468 ante
956 4420 1073 4484 ἀνωτέρω
1094 4426 1149 4467 om.
1170 4415 1222 4467 EM

164 4493 225 4544 οἴων
241 4505 276 4542 ex
293 4485 348 4542 οίον
363 4489 396 4539 A¹
461 4491 520 4551 ἡμῖν
536 4491 613 4546 αἴτιος
634 4488 689 4539 MD
756 4487 785 4537 19
807 4487 947 4540 αὑτοκαλόν
968 4489 996 4538 Μ
1061 4488 1091 4538 23
1109 4489 1175 4549 οὔτε,
1196 4489 1226 4540 οὐ

101 4564 175 4616 rubr.
195 4568 220 4615 Α
283 4561 314 4612 25
332 4559 365 4625 μὴ
385 4559 447 4610 add.
468 4572 551 4623 supra
569 4572 682 4610 versum
700 4559 734 4610 A¹
800 4559 890 4630 ῥᾳδίως
910 4570 964 4611 om.
981 4560 1010 4610 M
1075 4560 1101 4611 δὲ
1119 4563 1227 4610 om.A⁸

163 4637 195 4687 26
212 4636 369 4699 ἀνακτορίοις
388 4633 414 4681 Μ
481 4626 590 4695 ἀδύτοις]
606 4632 690 4690 ἄλλοις
705 4637 756 4689 τοῖς
775 4632 812 4680 A·
