3150 5504
320 485 351 536 42
700 478 841 529 ΕΡΜΕΙΟΥ
862 477 1059 529 ΦΙΛΟΣΟΦΟΥ

236 637 285 704 ἱθθ]
317 630 440 711 χώρησε,
463 637 500 708 πῆ
527 631 554 689 δὲ
580 632 611 690 οῦ
635 633 820 713 συνεχώρησε.
847 636 882 690 Τὸ
907 636 958 714 γὰρ
982 644 1066 716 σαφῆ
1091 637 1147 693 καὶ
1171 639 1361 717 στρογγύλα
1385 641 1440 697 καὶ

318 729 628 810 ἀποτετορνευμένα
656 732 737 788 αῦτὸν
764 732 902 812 εἰρηκέναι
930 734 1116 814 συνεχώρησε,
1143 735 1174 791 τὸ
1203 735 1231 792 δὲ
1256 738 1294 794 τά
1323 735 1441 794 δέοντα

320 828 453 906 εἰρηκέναι
471 825 497 895 ἐξ
517 829 606 909 ἀρχῆς
626 829 675 904 μἐν
695 830 783 906 πάντη
806 833 955 910 ήρνήσατο,
978 829 1070 889 ἔπειτα
1092 834 1279 914 συνεχώρησεν
1302 836 1340 900 εἰς
1360 837 1442 916 χάριν

318 924 446 1006 Φαίδρου·
470 928 539 984 ὥστε
560 933 599 1003 πῆ
623 928 671 1003 μἐν
685 928 870 1009 συνεχώρησε,
891 936 929 1007 πῆ
950 929 978 987 δὲ
999 931 1030 987 οῦ
1052 933 1254 1013 συνεχώρησεν.
1277 932 1385 1005 Ἐπειδὴ
1413 932 1441 990 δὲ

270 1030 285 1078 5
318 1030 363 1081 νῦν
376 1024 450 1082 εἶπεν
466 1027 480 1081 6
495 1024 614 1105 Φαῖδρος
631 1050 645 1079 ιι
663 1025 738 1101 μηδ’
754 1026 791 1083 ἀν
808 1025 865 1083 ’ένα
883 1029 963 1085 ποτὲ
982 1030 1131 1108 ἀνθρώπων
1153 1029 1308 1088 δύνασθαι
1332 1033 1441 1089 εἰπεῖν

317 1121 390 1179 ἀλλα
411 1123 512 1201 πλείω,
531 1149 545 1178 ν
569 1123 613 1182 διὰ
635 1130 715 1183 τοῦτο
740 1124 830 1182 οῦκὲτι
853 1126 926 1201 αὐτῷ
950 1136 1089 1210 συγχωρεῖ
1112 1131 1127 1186 6
1152 1131 1311 1209 Σωκράτης·
1334 1131 1365 1187 οῦ
1389 1132 1441 1210 γὰρ

316 1222 424 1279 πάντων
447 1223 597 1303 ἀνθρώπιον
620 1223 725 1298 ἀμείνω
750 1226 763 1280 6
789 1226 886 1290 Λυσίας
908 1226 991 1284 είπεν
1019 1225 1091 1292 ὅλως
1111 1228 1162 1308 γὰρ
1185 1230 1232 1285 τὸν
1254 1228 1371 1309 ψυχικὸν
1393 1230 1439 1287 καί

316 1323 480 1402 σωφρονικὸν
493 1319 581 1403 ἔρωτα
596 1323 645 1380 οῦκ
661 1322 744 1384 οἶδεν.

358 1474 398 1551 μ’.
426 1474 567 1532 [Ιαλαιοί
591 1453 651 1556 γὰρ
674 1476 730 1533 καὶ
753 1475 863 1557 σοφοί]
889 1477 948 1536 235
965 1430 1010 1542 γΒ.

256 1620 287 1669 10
358 1621 412 1700 Πρὸ
435 1627 483 1678 τοῦ
504 1621 589 1678 εἰπεῖν
610 1620 635 1676 τί
656 1621 727 1677 ἐστιν
745 1622 759 1677 6
778 1621 894 1701 ψυχικὸς
910 1621 956 1677 καί
980 1620 1095 1701 σώφριον
1119 1618 1188 1701 ἔρως
1214 1622 1343 1699 βοθλεται
1366 1621 1440 1697 αὐτῷ

318 1715 485 1786 δοξαστικώς
498 1717 628 1786 ἐπιδεῖξαι
643 1720 683 1775 ὅτι
694 1715 750 1776 ἔστι
763 1724 872 1798 πρῶτον
890 1724 1014 1784 τοιοῦτος
1034 1717 1101 1799 ἔρως
1121 1720 1237 1801 σώφρων
1251 1722 1296 1778 καὶ
1310 1722 1438 1797 κόσμιος,

230 1824 233 1832 “
316 1819 362 1874 καί
375 1819 493 1900 παράγει
510 1819 613 1899 Σαπφώ
628 1819 673 1874 καί
689 1817 866 1897 Ἀνακρέοντα
881 1819 908 1875 οἳ
922 1817 1018 1875 ἐκτῶν
1034 1816 1061 1884 ἐξ
1076 1817 1162 1875 ἀιδίου
1184 1819 1393 1901 ἐνυπαρχόντων
1413 1819 1440 1877 ἐν

316 1922 376 1980 ταῖς
391 1917 496 1997 ’ψυχαῖς
519 1916 607 1973 αὐτῶν
627 1914 688 1972 κατ’
709 1914 801 1972 οῦσίαν
824 1914 916 1995 λόγων
938 1915 967 1972 ἐκ
988 1921 1036 1972 τοῦ
1059 1914 1229 1996 δημιουργοῦ
1250 1913 1439 1996 προῦαλόντες

317 2014 413 2080 αὐτοῦς
426 2014 485 2072 κατ’
500 2013 648 2095 ἐνέργειαν,
663 2014 871 2088 κατεκόσμησαν
885 2015 937 2084 τήν
951 2015 1055 2071 ἑαυτῶν
1071 2016 1156 2086 ζωήν.
1174 2014 1246 2072 Ἐπεὶ
1262 2014 1309 2071 οῦν
1323 2017 1349 2072 οἱ
1370 2013 1440 2073 Βεσ-

255 2121 286 2170 15
319 2115 399 2193 λόγοι
420 2114 459 2177 εἰς
479 2112 558 2193 ἀρρεν
579 2114 624 2169 καί
644 2110 723 2185 θῆλυ
745 2110 878 2191 διαιροῦσι
898 2117 961 2176 τοῦς
983 2109 1067 2178 θεοὺς
1084 2113 1130 2169 καί
1149 2118 1205 2169 τῶν
1224 2117 1319 2194 ψυχῶν
1340 2116 1368 2170 αἳ
1392 2115 1440 2188 μὲν

317 2215 408 2275 τοῖσδε
424 2216 452 2271 αἳ
466 2212 495 2270 δέ
509 2209 599 2269 τοῖσδε
613 2213 781 2291 προσήκουσι
795 2216 849 2267 τῶν
863 2207 953 2283 θεῶν,
967 2211 1004 2274 ὡς
1020 2211 1065 2267 καί
1080 2211 1108 2268 έν
1127 2211 1307 2287 Συμποσίῳ
1326 2210 1440 2291 εἷ’ρηκεν

317 2316 344 2372 έν
362 2321 402 2389 τῷ
416 2311 623 2392 ’Δριστοφάνους
644 2309 732 2388 λόγῳ,
756 2307 799 2366 διὰ
817 2314 898 2365 τοῦτο
917 2308 962 2364 καὶ
983 2308 1063 2372 αὐτὸς
1081 2309 1185 2390 Σαπφώ
1204 2310 1249 2366 καί
1265 2309 1441 2390 Ἀνακρέοντα

315 2408 465 2492 παρέλαῦε,
491 2411 541 2480 τήν
567 2409 615 2483 μἐν
636 2413 676 2481 τῷ
696 2404 785 2478 θήλει
806 2406 969 2486 πρέπουσαν,
990 2407 1037 2462 τὸν
1062 2405 1090 2463 δὲ
1113 2412 1153 2481 τῷ
1175 2406 1274 2486 ἀρρενι.
1295 2408 1389 2464 -Τὸ
1412 2406 1440 2465 δὲ

316 2510 455 2569 παλαιοί
474 2509 505 2565 τῦ
526 2504 611 2564 ἀίδιον
629 2507 675 2562 καὶ
694 2506 746 2586 πρὸ
765 2505 866 2585 χρόνου
886 2505 986 2568 παντὸς
1007 2504 1147 2579 σημαίνει·
1171 2505 1200 2584 (ιι
1216 2505 1359 2569 παλαιὸς
1382 2506 1440 2580 μὲν

253 2617 286 2668 20
317 2607 373 2665 οῦν
393 2607 461 2665 ἐστί
480 2627 530 2669 τις
552 2605 666 2683 λόγος,
684 2627 699 2658 »
720 2604 802 2683 φησὶν
822 2602 849 2660 έν
867 2600 1028 2681 Φαίδωνι)
1044 2601 1086 2657 ὅτι
1102 2595 1130 2668 ἐξ
1144 2600 1232 2659 ἀιδίου
1247 2602 1318 2659 ἐστὶν
1333 2602 1361 2659 ἐν
1378 2609 1438 2666 ταῖς

316 2710 417 2787 ψυχαῖς
431 2707 446 2761 6
461 2705 576 2784 σώφρων
592 2700 671 2781 ἐ’ρως.
689 2702 739 2758 Καὶ
756 2703 770 2757 6
788 2702 836 2776 μ“εν
851 2698 969 2780 Φαῖδρος
983 2702 1030 2758 ἀτε
1044 2706 1079 2777 τῇ
1096 2701 1219 2773 αἰσθήσει
1235 2702 1280 2758 καὶ
1300 2707 1356 2766 τοῖς
1375 2701 1438 2757 ἀτό-

318 2827 379 2880 μοις
394 2800 626 2883 συντεθραμμένος
641 2799 738 2879 έρωτᾷ·
757 2824 771 2854 ιι
790 2799 879 2864 τίνες
899 2800 992 2856 οὗτοι
1006 2799 1061 2855 καί
1075 2805 1153 2873 πσῦ;
1172 2824 1186 2855 ι)
1204 2799 1232 2856 ‘0
1246 2797 1275 2856 δε
1291 2801 1440 2879 Σωκράτης

315 2900 394 2967 εἰδὼς
418 2901 460 2958 δτι
487 2901 540 2979 πρὸ
564 2899 664 2979 χρόνου
686 2897 785 2961 παντός
811 2896 881 2954 ἐστιν
904 2900 922 2968 ἡ
947 2896 1059 2968 τοιαύτη
1082 2896 1160 2954 οῦσία
1184 2898 1230 2954 καὶ
1255 2896 1369 2972 δύναμις
1392 2905 1440 2969 τῆς

314 3005 405 3081 ψυχῆς
425 3002 442 3071 ἡ
466 2998 536 3055 κατὰ
559 2998 606 3053 τὸν
632 2997 712 3071 μέσον
736 2994 803 3059 τέως
826 2991 913 3075 έρωτα
934 2996 980 3051 τὸν
1004 2996 1121 3075 ψυχικὸν
1143 2995 1189 3051 καὶ
1212 2995 1338 3075 σώφρονά
1360 3017 1437 3075 φησι·

254 3105 284 3155 25
318 3125 333 3156 ιι
354 3104 408 3156 νῦν
433 3098 490 3173 μὲν
515 3096 620 3158 οὕτως
645 3094 703 3150 οῦκ
727 3093 792 3173 ἔχω
817 3115 859 3150 σοι
882 3093 1003 3151 εἰπεῖν·
1026 3116 1041 3147 ν
1065 3092 1096 3150 οῦ
1118 3094 1169 3172 γὰρ
1190 3091 1261 3150 ἔστιν
1283 3094 1439 3171 ἀνενεγκεῖν

314 3197 414 3278 χαῦνον
432 3189 459 3262 ἐξ
473 3197 504 3252 οῦ
518 3199 604 3251 ταῦτα
618 3190 730 3273 ἔχομεν·
747 3191 849 3248 διὸκαὶ
865 3194 879 3247 6
898 3187 1072 3263 Ἀλκιθιάδης
1087 3191 1136 3248 οθκ
1154 3188 1214 3270 ἐ’χει
1232 3192 1332 3272 χρόνον
1351 3192 1439 3248 εἰπεῖν

315 3295 342 3352 ἐν
357 3298 380 3370 ᾦ
395 3291 479 3370 ἐ’μαθε
494 3294 527 3349 τὰ
542 3290 641 3361 δίκαια,
651 3288 701 3350 ,διὰ
716 3291 747 3346 τὸ
763 3284 790 3355 ἐξ
804 3288 892 3346 ἀιδίου
907 3291 958 3369 πρὸ
972 3289 1075 3370 χρόνου
1088 3292 1191 3353 παντὸς
1214 3290 1357 3370 εἰληφέναι
1371 3289 1439 3346 αῦτὲι

315 3395 387 3473 παρὰ
407 3374 458 3449 τοῦ
477 3390 644 3469 δημιουργοῦ
666 3390 717 3459 τήν
738 3391 840 3472 ψυχήν.
865 3388 939 3444 Ἐπεί
959 3386 987 3444 δὲ
1008 3388 1035 3445 έν
1055 3394 1113 3453 τοῖς
1133 3387 1195 3460 ἑξῆς
1219 3406 1236 3448 (ι
1252 3390 1287 3444 τὸ
1305 3386 1404 3446 θεῖον
1421 3407 1436 3448 ι)

316 3492 397 3573 φησίν
421 3514 436 3546 ιι
452 3491 536 3547 ἅπαν
558 3488 627 3545 ἐστὶ
648 3486 763 3559 καλὸν,
786 3488 897 3565 σοφὸν,
919 3487 1056 3564 ἀγαθὸν,
1075 3509 1090 3541 »
1105 3486 1215 3544 πάντων
1228 3484 1287 3556 δέῆ
1304 3487 1436 3564 ἀναγωγὴ

254 3595 285 3645 30
316 3589 360 3646 ἐπὶ
382 3588 413 3645 τῦ
433 3588 463 3644 ἓν
481 3588 526 3644 καί
548 3586 665 3664 τάγαθὸν
686 3585 793 3664 γίνεται
814 3583 857 3640 διὰ
880 3589 928 3640 τοῦ
949 3583 1037 3641 καλοῦ
1059 3583 1106 3641 καὶ
1127 3589 1176 3640 τοῦ
1199 3589 1295 3664 σοφοῦ,
1316 3585 1438 3641 τουτέστι

316 3686 350 3744 δι’
369 3686 500 3766 ἐρωτικῆς
520 3685 566 3741 καὶ
589 3683 748 3764 φιλοσοφίας
770 3681 883 3762 (τὸγὰρ
906 3683 988 3762 σοφὸν
1006 3682 1037 3738 τὸ
1057 3683 1208 3761 γνωστικὸν
1230 3681 1361 3757 σημαίνει
1382 3687 1437 3739 τῶν

316 3784 406 3858 θεῶν,
420 3784 511 3863 ὥσπερ
524 3784 556 3839 τὸ
570 3781 656 3838 καλὸν
674 3782 725 3850 τήν
744 3779 911 3860 καλλονήν),
931 3779 974 3838 διὰ
993 3785 1072 3837 τοῦτο
1092 3781 1152 3839 εἰπε
1173 3804 1188 3836 ιι
1206 3787 1360 3862 Σαπφοῦς
1378 3790 1437 3854 τῆς

347 4006 379 4058 16
393 4005 503 4059 (ἕοιιοίο.
517 4004 599 4056 ῙθθΒ
662 4002 694 4053 2⁰
708 4001 909 4053 Phoedon.70c
972 4002 1003 4053 26
1018 4000 1110 4053 Αίοίθ.
1121 4003 1133 4053 I
1144 4001 1247 4054 wallo
1309 4004 1341 4056 28
1354 4005 1434 4056 2461)

348 4136 396 4187 Nc
415 4138 431 4188 2
447 4138 489 4187 καὶ
505 4135 732 4200 ἁποτετορνευμὲνα
747 4132 782 4182 εἰ.
796 4131 867 4190 41,4
930 4132 945 4181 4
963 4133 989 4183 δὲ
1003 4138 1064 4196 post
1079 4134 1162 4196 ἐπειδὴ
1177 4147 1231 4185 om.
1251 4134 1280 4184 M
1345 4136 1359 4185 5
1378 4138 1436 4200 μηδ’

317 4209 347 4261 ἃν
362 4207 415 4273 ἕνα]
431 4209 524 4272 μηδένα
544 4204 615 4256 plat.
639 4203 717 4255 codd.
739 4203 797 4261 (sed
818 4205 873 4268 μηδ’
889 4203 919 4255 ἂν
936 4216 1023 4268 marg.
1036 4206 1073 4264 θε
1091 4208 1173 4268 μηδέν’
1189 4205 1218 4257 ἂν
1234 4206 1298 4256 Ald.
1313 4213 1340 4258 et
1353 4206 1435 4257 odd.:

319 4280 439 4330 Hermiae
455 4278 534 4329 lectio
550 4275 739 4341 praeterenda:
755 4275 791 4325 οί.
804 4272 829 4335 2,
844 4275 875 4325 16
939 4274 1076 4342 ἀνθρώπων
1091 4290 1145 4326 om.
1160 4276 1230 4328 Ρλαι.
1295 4278 1310 4327 6
1325 4278 1402 4329 αὑτοῦ
1415 4277 1435 4326 E

380 4351 410 4402 οῦ
423 4350 482 4416 γὰρ]
502 4349 560 4400 οὐδὲ
579 4348 606 4397 Μ
671 4345 973 4402 9παλαιολ,πι·ιιῦτ.Α
1037 4347 1069 4396 10
1085 4347 1171 4412 εἰπεῖν]
1189 4350 1296 4415 ἑρεῖνΜ
1362 4349 1392 4400 13
1408 4353 1434 4400 ἐκ

316 4426 361 4474 τοῦ
376 4423 531 4487 δημιουργοῦ
545 4423 628 4483 λόγων
645 4418 673 4467 Μ
738 4418 768 4466 16
787 4419 829 4468 καὶ
847 4423 909 4469 ante
924 4422 949 4468 έν
969 4431 1025 4467 om.
1043 4417 1073 4467 M
1136 4420 1166 4468 17
1183 4422 1251 4487 λόγῳ
1270 4434 1326 4470 om.
1342 4420 1370 4470 M

317 4493 348 4542 19
361 4490 462 4556 παντὸς]
477 4494 571 4542 πολλοῦ
587 4488 616 4538 Ε1
680 4487 712 4538 20
725 4487 862 4539 incertum
876 4501 912 4539 an
929 4494 990 4552 post
1008 4493 1083 4555 λόγος
1101 4490 1227 4541 Hermias
1244 4482 1315 4550 οὗτος
1338 4491 1436 4557 legerit

358 4559 444 4614 ’ἐστὶν
454 4561 541 4613 0111.ss
603 4558 868 4625 24σώφροναφησίΑ
930 4559 961 4610 25
975 4580 1016 4612 σοι
1027 4574 1081 4611 om.
1093 4561 1161 4611 Plat.
1226 4561 1433 4627 Ξῖδιίιεοιίρείτ

317 4636 359 4684 καί
374 4633 447 4686 libri.
513 4631 545 4682 28
560 4633 588 4682 τ“ο
603 4630 630 4682 δὲ
644 4633 709 4681 θεῖον
720 4631 798 4680 καλὸν
812 4633 854 4682 κτέ
871 4629 940 4683 Plat.
1005 4631 1035 4682 32
1050 4631 1158 4696 καλονῆν
1174 4632 1196 4682 E
