3120 5506
324 466 378 516 ΕΙΣ
401 467 462 516 TON
476 466 660 517 ΠΛΑΤΩΝΟΣ
682 467 825 519 ΦΑΙΔΡΟΝ
849 468 971 520 ΣΧΟΛΙΔ
1170 480 1216 530 177
1302 495 1305 503 ·

16 634 57 700 57]
91 628 170 685 αΰτὸν
192 626 355 707 τρόπονκαὶ
377 626 421 685 έπί
443 635 494 700 τῆς
516 630 608 708 ψυχῆς
632 624 673 684 δεῖ
694 624 861 708 ἐκδέχεσθαι,
885 626 948 684 όταν
967 626 998 683 τό
1023 626 1216 702 ἐπιθυμητικόν

90 724 271 798 ὑποκλίνηται
288 731 325 804 τῷ
345 730 467 803 θυμικῷ,
485 723 515 782 τό
536 722 564 781 δέ
583 723 759 804 θυμικὸνὶτῷ
780 723 869 803 λόγῳ,
885 725 947 783 τότε
967 723 1138 797 δικαιοσύνην
1158 722 1216 804 ἔχει

88 828 107 896 ἡ
128 826 215 905 ψυχή.
240 821 309 904 Ὅρα
330 823 376 880 οὖν
399 823 442 881 διά
461 823 554 880 πόσων
577 823 699 902 όργάνων
712 824 758 880 καὶ
771 823 858 896 πόσης
874 823 1030 905 δυσχερείας
1052 823 1142 881 είκόνα
1161 823 1216 880 ἐστὶ

90 919 186 980 λσόεῖν
199 921 369 993 ἀικαιοσόνης
384 923 494 978 καὶτῶν
511 921 626 996 ὁμοίων·
644 919 708 977 αὐτὸ
723 919 752 977 δὲ
764 921 795 977 τὸ
814 919 912 986 κάλλυς
927 921 1039 978 αὐτόθεν
1053 920 1217 994 προσπίπτει

40 1028 56 1077 5
86 1025 168 1096 Ιἡμῖν.
189 1020 288 1076 -Τὸ
310 1019 338 1077 δέ
360 1025 416 1077 τοῦ
437 1019 653 1083 εἰκασθέντας
675 1017 771 1097 γένος
797 1017 872 1098 λέγει
892 1021 943 1090 την
965 1017 1214 1090 αὐτοδικαιοσόνην·
1262 1089 1265 1096 Ι

88 1117 241 1192 δικαιοσύνη
257 1117 285 1176 δέ
300 1118 399 1189 ἐστινὴ
416 1116 572 1197 ίδιοπραγία
586 1122 641 1174 τῶν
656 1125 707 1188 τῆς
722 1121 814 1199 ψυχῆς
833 1117 948 1196 μορίων.
963 1119 969 1197 Ι

8 1286 72 1336 651·
128 1275 169 1337 δ’.
193 1274 325 1335 Κάλλοτ
348 1273 380 1332 δὲ
400 1273 470 1331 τότ’
490 1276 523 1346 ἦν
544 1273 629 1332 ίδεῖν
650 1272 815 1355 λαμπρόν]
840 1276 899 1334 250
918 1274 955 1333 B.

128 1428 271 1504 Πανταχοῦ
291 1424 305 1478 ό
328 1423 443 1481 Πλάτων
464 1424 510 1480 τάν
530 1420 662 1496 δεσπότην
684 1419 782 1480 Ἥλιον
801 1420 945 1501 ἀναλογεῖν
967 1419 1043 1501 λέγει
1064 1427 1098 1499 τῇ
1118 1423 1214 1503 πρώτη

88 1519 172 1601 ἀρχῇ·
193 1520 283 1599 ὥσπερ
301 1521 351 1599 γὰρ
373 1519 486 1577 ἐνταῦθα
504 1522 519 1576 ό
539 1519 617 1591 ἥλιος
636 1525 683 1577 τοῦ
706 1520 835 1592 αἰσθητοῦ
848 1521 947 1585 παντὸς
962 1520 1068 1596 κόσμου
1084 1520 1215 1594 δεσπότης

24 1625 57 1676 10
89 1618 171 1691 ἐστὶν,
193 1618 279 1682 οὕτως
300 1617 410 1676 έπίτοῦ
430 1623 530 1690 νοητοῦ
550 1617 652 1690 ἐκείνη·
672 1620 717 1675 καὶ
735 1618 827 1698 ὥσπερ
848 1619 964 1676 ἀπὸτοῦ
985 1617 1116 1677 δεσπότου
1131 1618 1215 1691 ἡλίου

88 1722 143 1798 φῶς
156 1718 304 1795 κατάγεται
318 1718 332 1773 ὃ
347 1717 498 1795 συζευγνόει
511 1718 556 1773 καὶ
571 1717 697 1774 συνάπτει
710 1717 757 1773 καὶ
772 1717 828 1774 ἑνοῖ
842 1717 872 1773 τὸ
888 1718 1010 1795 όρατικάν
1020 1718 1088 1797 πρὸς
1102 1718 1132 1774 τό
1148 1719 1214 1797 όρα-

87 1816 145 1884 τόν,
164 1816 211 1872 τὸν
231 1815 311 1872 αὐτὸν
330 1816 430 1894 τρόπον
449 1814 494 1872 καί
514 1815 544 1871 τὸ
564 1815 616 1871 ἀπὸ
635 1820 683 1872 τοῦ
697 1815 807 1895 πρώτου
821 1820 888 1873 3εοῦ
903 1815 996 1895 προιόν
1013 1821 1070 1897 ρῶς
1088 1814 1170 1895 (λέγει
1186 1813 1215 1871 δὲ

88 1913 152 1970 αὐτὸ
173 1910 346 1993 ἀληθειαν)
367 1913 520 1991 συζευγνόει
538 1913 584 1969 τὸν
604 1918 666 1969 νοῦν
685 1919 725 1988 τῷ
746 1919 847 1988 νοητῷ.
865 1912 941 1993 Ὁρᾷς
958 1912 1004 1971 οὗν
1019 1914 1060 1971 ότι
1075 1920 1154 1971 τοῦτο
1170 1936 1214 1988 μι-

89 2018 178 2086 μεῖται
200 2012 230 2068 τό
249 2009 363 2076 κάλλος·
388 2014 447 2068 οἷον
466 2012 517 2091 γάρ
539 2016 597 2091 ρῶς
619 2011 686 2068 ἐστιν
707 2007 890 2078 ὲξαποσταλέν
910 2013 963 2069 ἀπό
981 2022 1031 2085 τῆς
1050 2020 1143 2091 πηγῆς
1160 2017 1214 2069 τῶν

25 2116 56 2166 15
88 2115 195 2181 νοητῶν
215 2108 257 2167 ἐπὶ
275 2111 322 2166 τόν
341 2108 406 2186 τῇδε
425 2109 541 2186 κόσμον,
562 2107 665 2166 καλοῦν
684 2110 750 2189 πρὸς
769 2111 847 2166 ἑαυτὸ
861 2111 906 2168 καὶ
925 2112 1051 2168 ένωτικὸν
1069 2109 1213 2189 γινόμενον

87 2211 142 2262 τῶν
157 2205 278 2285 ἐρώντων
299 2207 366 2286 πρὸς
385 2208 415 2264 τό
436 2207 557 2287 ἐραστάν,
574 2205 673 2265 διὸκαὶ
690 2206 724 2265 δι’
739 2208 820 2265 αὐτοῦ
837 2211 855 2279 ἡ
872 2209 998 2288 ἀναγωγὴ
1015 2210 1127 2287 γίνεται.
1147 2217 1213 2265 Συν-

88 2305 176 2379 υψίζει
193 2303 240 2361 οὖν
263 2304 374 2362 ἐνταῦθα
392 2305 426 2362 τά
444 2310 499 2362 τῶν
518 2311 624 2377 νοητῶν
642 2306 762 2383 πάντων,
781 2307 870 2386 λέγων
885 2307 926 2363 ότι
943 2307 982 2371 εἷς
998 2312 1077 2364 τοῦτο
1093 2304 1161 2363 ἔστιν
1176 2307 1212 2372 εἷς

87 2401 210 2480 δάνάγει
227 2405 241 2459 ὁ
260 2398 338 2482 ἔρως·
359 2402 390 2460 τό
409 2403 460 2482 γάρ
480 2402 592 2461 ἐνταῦθα
611 2401 716 2469 κάλλος
737 2403 857 2484 ἀμυδρόν
876 2404 930 2462 ἐστι
947 2406 992 2462 καί1
1013 2405 1151 2477 αἰσθητὸν,
1174 2406 1212 2468 ὡς

87 2500 175 2556 καὶτὸ
191 2507 248 2581 ρῶς
261 2501 291 2558 τὸ
307 2501 418 2559 ἐνταῦθα
433 2502 566 2580 συμμιγὶς
580 2501 636 2581 ἀέρι
654 2501 709 2559 ἔστί
723 2504 769 2559 καὶ
785 2503 824 2567 τίς
842 2502 993 2577 ἀνάμνησιν
1010 2508 1058 2560 τοῦ
1079 2502 1212 2560 αὐτοκάλ·

24 2606 56 2658 20
89 2596 470 2675 λουςάναμιμνῄσκειὴμᾶς.
487 2635 526 2646 -
545 2599 676 2664 Κάλλος
697 2599 729 2657 δὲ
749 2599 819 2657 τότ’
840 2602 879 2672 ἦν
900 2599 995 2672 ῖδεῖν,
1019 2601 1077 2657 ἀντὶ
1096 2606 1155 2657 τοῦ·
1182 2602 1213 2658 τὸ

88 2694 117 2753 δὲ
136 2696 303 2763 αὐτόκαλλος
322 2698 481 2779 ἀστράπτον,
505 2701 542 2773 μή
563 2695 628 2780 ἔχον
650 2692 721 2774 μῖξιν
741 2704 787 2756 τοῦ
808 2698 939 2773 ἐναντίου,
956 2699 1031 2756 ἀλλά
1049 2697 1210 2760 αὖτόκαλον.

130 2849 158 2908 ι’.
181 2844 254 2906 Ὅτε
275 2847 330 2905 σὺν
352 2845 542 2929 εὐδαίμονι]
565 2849 625 2908 250
647 2848 683 2914 B.

126 2989 266 3048 Τουτέστιν
288 2990 335 3048 ότε
357 2990 574 3069 περιεπολοῦμεν
595 2995 654 3054 τοῖς
675 2989 785 3054 οἰκείοις
806 2993 884 3055 θεοῖς
905 2992 972 3066 ἀμα.
994 2990 1168 3068 Εὐδαίμων
1184 2991 1212 3051 δὲ

87 3089 183 3169 χορός
197 3087 265 3146 ἐστιν
280 3091 308 3145 αῖ
322 3094 375 3146 τῶν
389 3090 476 3146 Ξείων
492 3092 588 3169 ψυχῶν
602 3086 861 3168 συμπεριπολησεις,
876 3088 974 3146 διὸκαὶ
987 3091 1086 3171 χορόν
1101 3091 1212 3149 έκάλεσε

24 3196 55 3247 25
89 3184 131 3242 διά
144 3186 175 3242 τό
189 3188 343 3263 ἡνωμένον·
360 3186 427 3266 όπερ
442 3186 568 3267 ἀνωτέρω
586 3186 654 3244 εἶπε·
678 3210 692 3242 ιι
709 3193 753 3261 τῷ
769 3185 796 3244 δ’
810 3184 926 3245 ίπεται
940 3190 1076 3267 στρατιά
1090 3196 1178 3247 θεῶν
1196 3214 1210 3244 n

88 3286 132 3340 καί
150 3284 183 3341 τά
199 3282 275 3358 ἑξῆς,
294 3290 339 3342 νῦν
357 3286 454 3367 χορόν
474 3283 594 3346 ἐκάλεσε.
618 3283 713 3348 Καλῶς
735 3283 764 3342 δὲ
780 3284 963 3362 εὐδαίμονα
978 3285 1097 3345 έκάλεσε·
1111 3293 1148 3367 τῷ
1162 3289 1212 3367 γάρ

88 3381 171 3440 όντιό
186 3383 327 3460 θεώμενος
344 3384 434 3442 ἐκεῖνα
448 3384 481 3441 τά
497 3381 558 3456 εἶ’δη
575 3381 745 3459 εὐδαιμονῶν
760 3384 813 3441 ἐστὶ
827 3387 873 3443 καὶ
888 3385 1031 3466 μακάριος.

131 3530 176 3592 ια’.
201 3532 286 3590 Μετά
308 3532 366 3607 μὲν
388 3532 462 3596 Διὸς
481 3529 599 3614 ἡμεῖς]
622 3533 681 3591 250
703 3531 740 3592 Β.

128 3671 171 3730 Ἐν
187 3679 225 3747 τῷ
243 3675 371 3750 Τιμαίῳ
390 3674 469 3757 ρησῖν
485 3675 499 3730 ό
514 3673 631 3731 Πλάτων
648 3674 688 3731 ότι
701 3677 819 3748 ποιήσας
834 3677 848 3732 ό
864 3673 1032 3756 δημιουργὸς
1046 3679 1092 3734 τὸν
1107 3678 1211 3753 κόσμον

118 3925 150 3978 10
165 3924 201 3978 ci.
217 3925 281 3991 Rep.
297 3924 397 3976 111508
414 3925 435 3977 C
496 3925 527 3976 25
545 3928 662 3995 ἀνωτέρω
683 3926 766 3979 24611
829 3927 861 3979 29
882 3928 951 3981 Tim.
970 3931 999 3980 41
1022 3931 1058 3992 ὓς
1075 3931 1148 3983 421)

118 4060 180 4111 TIT
195 4060 211 4112 8
228 4065 241 4113 ό
256 4061 326 4125 ἥλιος
341 4064 472 4128 ἀναλογῶν
486 4083 516 4138 τη
528 4064 615 4138 πρώτη
630 4065 697 4138 ἀρχῇ
712 4066 768 4131 περὶ
784 4065 847 4130 (leg.
863 4066 937 4129 κατά)
954 4066 1112 4121 Πλάτωναῦ

119 4191 166 4242 NC
182 4192 197 4242 2
213 4201 248 4260 τῷ
263 4196 359 4261 θυμικῷ
373 4194 536 4258 ὑποκλίνητσι
552 4195 580 4243 Μ
645 4196 659 4244 3
678 4196 729 4247 ἔστι
745 4180 776 4246 A'
833 4197 848 4245 7
865 4197 892 4247 in
909 4201 930 4247 A
947 4211 1078 4250 numerus
1093 4206 1105 4252 θ
1121 4215 1211 4253 errore

86 4262 200 4314 iteratus
263 4264 363 4326 κάλλος,
376 4284 392 4314 κ
405 4265 478 4316 rubr.
493 4269 516 4315 A
581 4267 611 4316 10
628 4266 707 4325 οὕτως
722 4268 751 4316 Μ
767 4267 832 4319 οὕτω
847 4271 889 4319 καί
902 4272 940 4318 A⁸
1003 4276 1084 4336 ἐκείνη
1098 4274 1210 4338 scripsi:

86 4333 263 4393 1κεῖνυς11ίιτί
326 4334 356 4385 13
378 4335 414 4387 ότι
438 4349 492 4386 om.
515 4336 542 4387 M
609 4339 639 4387 15
661 4340 734 4390 ἑαυτό
757 4339 784 4388 Μ
806 4341 894 4391 ἑαυτὸν
916 4340 986 4391 Aass
1049 4343 1079 4394 17
1101 4344 1211 4411 πάντων]

87 4406 149 4457 1011.
164 4405 245 4458 πάντα
307 4410 372 4459 ἐστὶν
388 4412 412 4458 Α
475 4409 503 4458 21
523 4407 687 4474 αὐτόκαλλοτ]
702 4409 857 4469 αὐτοκάλλος
872 4416 895 4460 Α
910 4428 916 4463 :
934 4414 994 4464 αὐτὸ
1008 4414 1100 4474 κάλλος
1119 4416 1147 4464 Μ

87 4479 151 4541 μίξιν
164 4477 225 4527 libri
289 4479 428 4530 αὑτοκαλόν
439 4478 501 4531 libri
563 4480 594 4530 22
609 4480 658 4543 ότε,
670 4479 683 4532 ό
695 4481 768 4531 rubr.
778 4486 801 4530 A
866 4484 896 4533 2³
911 4485 1118 4552 πιριεπολοῦμεν]
1128 4492 1212 4555 ἐπορι-

86 4550 213 4613 πυλοῦμεν
228 4548 280 4598 ΕΜ
345 4549 376 4599 26
390 4553 474 4608 καλῶς
493 4550 529 4614 ἀί]
548 4553 591 4602 καὶ
609 4556 645 4602 A·
707 4552 738 4602 27
758 4552 925 4620 εὐδαιμονῶν]
945 4555 1102 4622 εὐδαιμόνων
1118 4553 1148 4607 Μ

86 4616 205 4682 28μιτά,
223 4619 327 4682 μιιιυτ.
349 4624 372 4671 Α

154 4726 321 4780 (ὶουνιιαυπ
1036 4706 1037 4709 ¹
1055 4736 1086 4787 12
