3164 5512
413 495 467 549 ΕΙΣ
488 500 549 548 TON
572 494 749 550 ΠΛΑΤΩΝΟΣ
771 497 914 552 ΦΑΙΔΡΟΝ
937 503 1060 554 ΣΧΟΛΙΔ
1252 519 1298 568 209

80 661 145 726 [175]
165 655 252 726 ἡμᾶς
267 652 363 718 αὐτοῦς
378 650 440 708 οὐδὲ
453 654 504 723 τὴν
518 657 572 709 των
590 651 751 726 μελλόντων
766 648 885 709 ἔκόασιν·
902 655 928 711 οί
946 652 974 711 δὲ
992 656 1054 713 &eoi
1073 655 1146 711 ίσασι
1165 658 1197 712 τά
1216 660 1299 729 καθῆ-

176 771 258 807 κοντα
272 751 387 826 ἑκάστῳ.

219 903 272 983 [θ’.
295 907 356 961 Τὸν
376 904 476 983 λόγον
499 903 531 962 δέ
553 926 608 961 σου
629 905 674 961 καί
694 907 728 962 τδι
749 898 823 982 ἑξῆς]
848 906 905 965 257
927 905 963 964 C.

217 1046 411 1119 Ἐκπλῆττεται
423 1048 468 1104 τὸν
483 1053 531 1104 τοῦ
545 1039 697 1128 φιλοσόφον
710 1047 795 1127 λόγον
810 1049 856 1104 τόν
871 1057 921 1119 τῆς
936 1047 1103 1124 παλινῳδίας
1118 1051 1155 1114 ὡς
1171 1056 1219 1107 τοῦ
1234 1072 1299 1129 προ-

128 1154 143 1202 5
175 1134 251 1225 τὲρου
270 1144 403 1203 καλλίονα
423 1144 497 1203 όντα·
518 1147 564 1202 καὶ
584 1153 621 1224 τῷ
640 1144 694 1202 όντι
713 1144 810 1224 πολλῷ
831 1146 932 1205 ἐκείνου
952 1149 1086 1229 ὑπερέχει.
1105 1147 1233 1205 Ἐνταῦθα
1251 1149 1300 1228 γὰρ

179 1243 237 1301 είπε
248 1245 308 1323 περὶ
323 1252 370 1316 τῆς
384 1252 487 1316 νοητῆς
503 1244 595 1308 οὐσίας
611 1245 656 1301 καί
672 1253 721 1316 τῆς
738 1245 946 1317 άθανασίαςτῆς
960 1250 1050 1326 ψυχῆς
1063 1248 1108 1303 καὶ
1121 1253 1169 1303 τοῦ
1184 1250 1299 1325 καθηγε-

178 1343 262 1416 μόνος
277 1342 338 1407 Διδς
353 1347 413 1405 πῶς
432 1341 538 1420 συνάγει
552 1341 639 1398 πάντα
652 1343 698 1399 καί
712 1347 767 1398 τιῦν
781 1341 856 1400 ἐννέα
873 1344 943 1420 βίων
957 1344 1069 1400 καὶτῶν
1086 1341 1175 1400 άλλων
1188 1347 1226 1400 ὡν
1241 1345 1300 1418 είπε

178 1440 283 1532 Φοίνι-

219 1595 253 1678 ρ’.
278 1595 373 1656 ’Ὥστε
394 1599 493 1675 ὀκνῶ]
517 1600 574 1658 257
598 1598 633 1657 C.

114 1750 144 1799 10
218 1743 327 1816 Ἐπειδὴ
339 1741 442 1817 ηόίατο
458 1748 472 1802 6
488 1746 635 1826 Σωκράτης
649 1744 738 1824 λέγων
755 1747 793 1809 ὡς
806 1746 851 1801 τὸν
865 1746 1048 1827 Πολέμαρχον
1061 1748 1133 1803 οὕτω
1145 1748 1190 1804 καὶ
1205 1747 1302 1803 Λυσίαν

176 1853 312 1924 τραπῆναι
330 1844 381 1902 ἐπὶ
400 1845 614 1926 φιλοσοφίαν,
636 1843 679 1901 διὰ
698 1846 777 1902 τοῦτό
797 1867 878 1926 φησιν
898 1848 912 1900 6
932 1843 1049 1925 Φαῖδρος
1068 1846 1108 1901 ότι
1129 1871 1143 1898 ιι
1161 1846 1209 1902 οὐκ
1225 1846 1302 1920 οἶμαι

70 1938 160 1988 ‘’741'
176 1944 199 2001 εί
218 1945 275 2009 οἶός
294 1945 322 2002 τί
342 1940 444 2001 ἐστινὸ
464 1943 562 2006 Λυσίας
581 1942 669 2017 τοότῳ
687 1948 725 2020 τῷ
744 1942 829 2021 λόγῳ,
851 1944 874 2000 εί
892 1943 937 1999 καὶ
953 1942 1080 2016 θελήσει,
1101 1943 1105 2021 Ι
1124 1945 1300 2023 ἀντιπαρα-

177 2047 284 2099 τεῖναι
299 2040 359 2098 ίσον
374 2040 469 2120 λόγον.
489 2065 504 2096 υ

218 2191 269 2272 ρα’.
294 2195 351 2249 Καὶ
371 2192 429 2271 γάρ
451 2213 501 2256 τις
523 2191 621 2248 αὐτὸν
644 2191 667 2246 ὦ
689 2190 867 2272 θαυμάσιε]
891 2191 947 2250 257
969 2190 1004 2250 C.

114 2350 145 2398 15
217 2340 357 2413 θαυμάσαι
374 2339 422 2413 μὲν
439 2335 495 2394 ἔστι
510 2339 557 2394 τὸν
570 2337 719 2419 φιλόσοφον
737 2335 762 2393 ἐν
773 2343 849 2407 πᾶσι,
868 2335 985 2411 μάλιστα
998 2335 1026 2393 δὲ
1041 2335 1084 2393 διὰ
1098 2338 1128 2392 τὸ
1140 2339 1240 2393 πυκνόν
1255 2336 1300 2393 καί

178 2438 288 2518 συνεχὲς
310 2439 355 2493 καὶ
378 2437 521 2511 ἡνωμένον
540 2441 587 2493 τοῦ
608 2436 703 2514 λόγου,
726 2436 804 2492 Οὕτω
822 2436 873 2514 γὰρ
893 2437 990 2515 γράφει
1007 2436 1046 2499 ὡς
1064 2436 1093 2492 ἓν
1111 2438 1181 2509 ζῷον
1201 2435 1298 2492 ἀποτε-

177 2536 307 2607 λεσθῆναι
320 2537 367 2592 τὸν
381 2535 469 2591 πάντα
485 2535 580 2612 λόγον·
597 2534 689 2613 ὥσπερ
703 2534 754 2612 γάρ
768 2534 799 2589 τὸ
816 2536 884 2611 ζῷον
898 2532 1024 2607 ἡνωμένα
1037 2528 1096 2613 ἔχει
1110 2535 1143 2589 τά
1159 2534 1240 2612 μόρια
1255 2536 1299 2590 καί

177 2632 377 2713 διακεκριμένα,
394 2633 467 2689 οὕτω
481 2633 525 2688 καί
540 2634 553 2688 6
569 2631 651 2709 λόγος
669 2631 841 2710 Σωκράτους.
861 2629 1029 2704 Βουλόμενος
1050 2630 1098 2687 οὖν
1115 2631 1154 2694 είς
1175 2631 1220 2687 τόν
1239 2632 1300 2709 περὶ

178 2732 322 2812 ῥητορικῆς
337 2728 473 2789 εἰσόαλεῖν
489 2728 584 2808 λόγον,
604 2725 630 2795 ἐξ
648 2729 739 2786 οὔκαὶ
755 2732 773 2798 ἡ
787 2728 860 2809 ἀρχὴ
877 2734 924 2784 τοῦ
941 2727 1025 2806 λόγου
1043 2730 1104 2809 (τοῦ
1118 2727 1167 2806 γάρ
1183 2726 1302 2807 Φαίδρου

69 2855 96 2903 p.
107 2839 154 2891 176
178 2833 366 2907 θαυμάζοντος
384 2831 415 2886 τὸ
432 2830 596 2910 φαινόμενον
615 2826 718 2892 κάλλος
732 2828 778 2883 καί
793 2830 843 2898 τῆν
859 2831 994 2899 συνθήκην
1009 2833 1056 2883 τοῦ
1075 2825 1168 2905 λόγου,
1186 2830 1199 2883 6
1215 2828 1301 2908 φιΙλό-

178 2950 261 3008 σοφος
283 2927 353 2996 ἦλθε
374 2925 418 2983 διὰ
436 2925 556 3005 Φαῖδρον
579 2927 617 2989 είς
640 2926 742 2989 πάντας
765 2925 828 2988 τοῦς
848 2923 1007 3003 εἰρημένους
1031 2924 1158 3003 λόγους),
1182 2925 1231 3005 όρα
1254 2907 1301 2981 οὖν

177 3030 237 3090 πῶς
257 3024 409 3105 συμφώνως
430 3019 563 3080 είσόάλλει
581 3024 618 3087 είς
638 3023 684 3078 τὸν
699 3023 761 3101 περί
776 3021 920 3100 ῥητορικῆς
938 3019 1028 3100 λόγον.
1046 3024 1118 3093 Φησὶ
1133 3024 1183 3101 γάρ
1201 3024 1215 3077 6
1231 3030 1300 3078 Φαῖ-

177 3119 238 3200 δρος
256 3121 297 3177 ότι
312 3120 362 3178 οῦκ
376 3120 407 3177 άν
424 3118 543 3192 θελῆσαι
561 3122 575 3177 6
592 3120 686 3184 λυσίας
700 3121 978 3197 ἀντιπαρατεῖναι
996 3126 1033 3196 τῷ
1049 3126 1086 3196 σῷ
1102 3118 1190 3198 λόγῳ,
1207 3118 1299 3189 ἐπειδὴ

178 3218 329 3286 ὠνείδιζὲ
348 3241 387 3284 τις
403 3218 475 3296 αὐτῷ
497 3220 541 3283 ὡς’
558 3217 721 3299 λογογράφῳ
742 3219 786 3275 καί
809 3218 861 3274 ἀπὸ
881 3217 982 3289 ταότης
999 3225 1050 3289 τῆς
1070 3212 1169 3282 λέξεως
1190 3216 1301 3297 ἄρχεται

116 3341 146 3390 25
178 3319 193 3374 6
207 3315 355 3398 φιλόσοφος
371 3318 418 3373 τὸν
432 3317 494 3395 περὶ
507 3317 653 3395 ῥητορικῆς
669 3316 764 3394 λόγον,
780 3315 868 3393 λέγων
881 3315 922 3371 ότι
936 3316 966 3371 τὸ
981 3322 1165 3395 λογογραφεῖν
1182 3313 1232 3370 υόκ
1248 3312 1301 3370 ἔστι

178 3416 260 3472 κακὸν
275 3413 348 3473 ἀλλά
360 3416 391 3471 τὸ
406 3420 496 3493 κακῶς
510 3415 620 3495 γράφειν
634 3414 717 3470 κακόν
732 3414 798 3469 ἐστι·
819 3415 849 3470 τό
873 3415 966 3488 μέντοι
985 3412 1056 3470 καλὰ
1071 3414 1118 3468 καί
1137 3413 1221 3490 ἀγαθά
1236 3413 1300 3491 γρά-

178 3536 236 3594 φειν
250 3514 336 3572 καλόν
354 3515 418 3570 ἐστι·
437 3514 504 3593 πρὸς
525 3514 575 3592 γάρ
594 3515 642 3584 τῆν
661 3513 786 3592 πρόθεσιν
801 3519 850 3569 τοῦ
866 3511 1019 3591 γράφοντός
1037 3510 1091 3566 ἐστι
1111 3512 1142 3566 τό
1158 3510 1243 3567 καλὸν
1257 3511 1301 3565 καί

177 3614 207 3669 τὸ
228 3613 323 3669 κακόν·
344 3612 411 3680 ἐπεὶ,
433 3612 471 3695 ὡς
493 3613 537 3667 καί
558 3610 682 3691 ἀλλαχοῦ
702 3611 771 3681 είπε,
793 3618 882 3666 πᾶσα
902 3603 1016 3688 πρᾶξις
1036 3610 1115 3679 αότή
1136 3607 1196 3665 καθ’
1218 3611 1303 3679 αότῆν

178 3708 254 3768 οὔτε
267 3709 352 3781 καλὴ
369 3709 431 3767 οότε
447 3711 529 3781 κακή.
549 3709 739 3789 ,λογογράφους
751 3707 779 3765 δὲ
791 3708 905 3766 ἐκάλουν
918 3711 944 3765 οί
958 3705 1070 3765 παλαιοὶ
1081 3708 1142 3772 τοῦς
1161 3707 1203 3763 ἐπὶ
1218 3711 1302 3785 μισθῷ

208 3989 240 4040 28
257 3990 371 4056 ἀλλαχοῦ
388 3985 498 4038 ΰοποὶο.
512 3987 558 4037 181
572 3989 595 4035 Λ
659 3983 691 4034 29
706 3983 921 4049 λογογράφους-
936 3981 991 4039 210,
1007 3982 1022 4031 2
1038 3984 1154 4046 λέγοντας
1170 3997 1199 4025 ;
1214 3978 1299 4029 schol.

178 4061 224 4114 257
237 4061 258 4112 C
273 4065 309 4126 (p.
321 4060 367 4113 271
381 4060 486 4119 Ηοιιιιλ

210 4186 271 4239 ΤΙΤ
288 4187 319 4238 29
333 4191 396 4245 τίνες
410 4184 563 4252 λογογράφοι
579 4184 647 4251 παρὰ
665 4182 735 4246 (cod.
750 4182 816 4247 περί)
829 4189 880 4240 τοῖς
894 4186 1010 4241 παλαιοῖς
1027 4184 1069 4232 καὶ
1084 4185 1146 4238 τίνες
1162 4179 1262 4247 ῥήτορες
1280 4179 1301 4230 C

179 4256 352 4326 λοιιίυάννι]
369 4255 490 4326 ῥτλτοιειί
506 4270 522 4305 ¹³

211 4385 258 4436 Nc
284 4386 367 4443 δτδν,
388 4405 400 4435 τ
423 4385 496 4433 rubr.
519 4387 542 4433 A
607 4385 683 4434 4τυῦ
707 4395 761 4433 0111.
783 4381 812 4429 M
876 4380 891 4428 6
911 4380 1048 4435 ἀθανασίας
1068 4385 1110 4441 τῆς
1134 4390 1188 4426 om.
1207 4376 1236 4425 M

178 4456 194 4506 9
215 4455 280 4508 ὥστε
303 4460 369 4507 ὀκνῶ
394 4456 466 4505 rubr.
488 4459 512 4504 Α
578 4455 652 4504 12-13
677 4455 885 4518 άντιπαραόαλεῖν
909 4453 945 4500 Α·
965 4464 970 4499 :
995 4447 1253 4514 άντιπαραλσμὸόνειν
1279 4447 1300 4496 E

243 4529 272 4579 13
292 4526 350 4580 ίσον
367 4530 390 4577 Α
414 4532 443 4577 ut
463 4539 571 4589 semper
635 4527 665 4575 14
688 4528 739 4583 καὶ,
762 4544 778 4574 κ
802 4523 876 4572 rubr.
900 4525 923 4570 Α
988 4521 1018 4569 15
1039 4519 1091 4583 διὰ]
1116 4519 1181 4570 κατὰ
1207 4518 1236 4566 Μ

178 4598 210 4650 18
226 4601 420 4666 θιακεκριμμένα
435 4602 466 4651 Α,
523 4597 553 4647 23
572 4597 675 4661 θελῆσαι
690 4593 948 4667 εοτίμείεθελήσηεθ
964 4608 969 4642 :
986 4591 1083 4653 θελήσει
1103 4590 1129 4639 Μ
1196 4591 1301 4640 άντιπσι·

180 4673 339 4738 ραθεῖναιιθΙι
401 4671 433 4721 28
449 4668 539 4733 ἑαυτὴν
555 4666 584 4718 Μ
648 4667 679 4717 29
696 4666 732 4731 δὲ]
748 4668 797 4733 γάρ
814 4664 899 4716 schol.

245 4774 413 4827 θουνιιουιι.
1146 4767 1177 4816 14
