3248 5512
304 462 334 516 12
681 454 822 506 ΕΡΜΕΙΟΥ
845 456 1040 508 ΦΙΛΟΣΟΦΟΥ

227 607 276 676 [64]
300 606 399 680 τήμας.
421 605 487 662 Εἶτα
507 604 550 662 ἐπὶ
562 603 600 686 ,τὸ
622 610 676 662 τῶν
696 602 849 682 έγκοσμίων
868 601 946 661 θεῶν
968 603 995 661 ἐν
1014 609 1048 680 τῇ
1064 602 1224 679 παλινῳδία.
1246 604 1311 662 Εἶτα
1325 605 1368 662 ἐπὶ
1381 607 1413 663 τὸ
1451 648 1453 650 ψ

301 703 399 775 νοητόν
419 702 523 767 κάλλος
544 704 588 759 καί
610 702 693 771 αύτὴν
714 702 765 770 τήν
788 703 882 780 πηγὴν
905 707 953 759 τοῦ
972 701 1060 760 καλοῦ
1080 704 1125 759 καί
1147 703 1193 759 τόν
1216 699 1286 759 θεὸν
1307 703 1414 782 Ἔρωτα

301 804 346 859 καί
373 802 438 859 αύτθ
466 802 496 858 τὸ
517 800 613 861 καλόν,
637 798 718 858 ”Οθεν
743 800 826 858 πάλιν
850 801 953 858 κάτεισι
981 799 1024 859 διὰ
1046 810 1096 874 τῆς
1127 799 1288 880 διαιρετικῆς
1315 802 1359 860 ἐπὶ
1382 804 1414 860 τὸ

302 902 416 982 ψυχικὸν
430 899 532 966 κάλλος
549 900 637 958 καὶτὸ
656 906 710 957 τῶν
726 900 828 979 ἀρετῶν
849 900 893 956 καί
912 900 1081 975 ἐπιστημῶν,
1098 899 1154 959 Εἶτ’
1170 899 1203 958 αύ
1217 901 1299 959 πάλιν
1320 901 1363 958 ἐπὶ
1382 903 1414 959 τὸ

256 1003 270 1052 5
303 999 401 1064 ἐντοῖς
417 999 510 1078 λόγοις
526 998 679 1070 καλὸν,κα“ι
700 998 827 1056 συνάπτει
846 998 978 1068 τελευτὴν
997 999 1080 1080 ἀρχῇ.
1097 1000 1147 1057 Καὶ
1167 999 1307 1057 συνελόντι
1329 1000 1415 1059 εἰπεῖν

305 1096 344 1159 είς
368 1096 427 1176 τρία
450 1095 544 1170 τέμοις
569 1095 601 1153 όίν
624 1097 675 1167 τὴν
698 1101 785 1152 πᾶσαν
808 1101 855 1152 τοῦ
879 1093 964 1174 λόγου
984 1093 1102 1154 διάνοιαν
1120 1096 1164 1152 καὶ
1184 1096 1223 1161 είς
1240 1102 1313 1176 τρεῖς
1330 1097 1413 1165 ζωάς·

304 1192 346 1258 είς
373 1216 402 1251 τε
428 1197 478 1266 τήν
499 1193 650 1251 ἀκόλαστον
671 1194 732 1265 ἥτις
754 1193 781 1251 ἐν
801 1199 840 1267 τῷ
864 1191 940 1272 λόγῳ
960 1199 1009 1251 τοῦ
1035 1193 1135 1252 Λυσίου
1162 1196 1268 1274 ὁρᾶται,
1296 1196 1341 1251 καὶ
1364 1196 1416 1265 τὴν

304 1293 430 1371 σώφρονα
450 1292 508 1364 ἥτις
527 1292 554 1351 έν
575 1299 614 1367 τῷ
634 1291 735 1372 πρώτῳ
764 1289 841 1370 λόγῳ
868 1297 916 1348 τοῦ
946 1292 1103 1372 Σωκράτους
1131 1294 1235 1372 ὁρᾶται,
1255 1295 1301 1351 καὶ
1320 1292 1415 1372 τρίτην

303 1393 354 1461 τὴν
374 1387 466 1447 ἔνθουν
486 1390 548 1461 ἥτις
570 1390 597 1448 ἐν
618 1395 652 1466 τῇ
673 1388 826 1464 παλινῳδία
845 1391 890 1446 καὶ
909 1390 1115 1464 τῷτελευταίῳ
1140 1389 1217 1469 λόγῳ
1236 1395 1284 1451 τοῦ
1307 1392 1416 1471 Σωκρά-

241 1490 273 1542 10
304 1511 366 1553 τους
382 1487 515 1568 ἐνορᾶται·
533 1489 669 1568 ἀνάλογον
691 1487 720 1545 δὲ
739 1489 849 1552 ταύταις
867 1495 926 1553 ταῖς
950 1492 1033 1558 ζωαῖς
1048 1488 1100 1545 είσι
1114 1490 1147 1546 τὰ
1161 1489 1276 1568 ἐρῶντα,
1291 1491 1339 1546 καί
1347 1490 1417 1548 κατὰ

304 1589 337 1645 τά
365 1588 467 1668 ἐρῶντα
491 1585 586 1651 λάύοις
609 1587 640 1645 θν
665 1589 709 1645 καί
732 1587 793 1653 τοίις
815 1587 917 1667 ἐ’ρωτας
943 1590 987 1645 καί
1010 1589 1078 1645 αύτά
1097 1589 1251 1668 τάέραστά.
1268 1589 1304 1646 Ού
1324 1589 1416 1669 πόρρω

306 1685 351 1744 ούν
375 1683 495 1744 ἐ’ύαλλον
513 1691 561 1742 τοῦ
587 1690 688 1742 σκοποῦ
716 1687 742 1742 oi
765 1686 825 1765 περί
848 1682 946 1765 ἔρωτος
969 1685 1090 1751 είπόντες
1114 1688 1183 1744 εἶναι
1205 1688 1252 1744 τόν
1277 1685 1417 1765 διάλογον,

306 1784 451 1862 ἐπειδήπερ
472 1785 487 1839 6
510 1781 579 1863 ἔρως
602 1785 671 1840 κατὰ
692 1785 742 1854 τὴν
764 1783 899 1865 ἀναφοράν
921 1786 971 1856 τήν
993 1784 1035 1842 ἐπὶ
1055 1787 1085 1842 τὸ
1107 1785 1218 1866 έραστὸν
1242 1787 1347 1865 δρᾶται.
1371 1786 1420 1842 Καὶ

307 1880 348 1938 δεῖ
377 1882 470 1956 μέντοι
497 1878 567 1956 μηδὲ
592 1882 638 1945 τάς
664 1881 793 1960 σύνεγγυς
823 1879 952 1962 διαῳυράς
977 1879 1129 1955 λανθάνειν,
1155 1882 1212 1940 ἐπεὶ
1234 1884 1279 1939 καί
1301 1882 1382 1945 αύτός
1404 1884 1419 1939 6

246 1978 277 2031 15
309 1980 423 2038 Πλάτων
438 1979 469 2036 ού
487 1980 534 2043 τάς
547 1979 680 2059 τυχούσας
695 1977 836 2058 διακρίσεις
850 1979 950 2061 έρωτος
965 1983 1010 2038 καί
1024 1981 1135 2060 ἐραστοῦ
1148 1979 1342 2060 παραδέδωκεν.
1360 1977 1421 2037 Ὅτι

216 2091 242 2143 p.
260 2077 291 2130 65
307 2078 335 2136 δέ
349 2078 398 2134 ούκ
411 2075 480 2135 ἔστιν
497 2077 502 2156 l
520 2076 630 2134 ἐνταῦθα
649 2078 663 2133 6
682 2078 885 2157 προηγούμενος
904 2079 1003 2143 σκοπὸς
1023 2078 1097 2161 [περὶ
1116 2075 1223 2159 ἔρωτος]
1243 2078 1336 2151 δῆλον·
1358 2076 1420 2135 ούτε

307 2175 433 2257 γάρπερὶ
448 2175 538 2241 οὐσίας
558 2175 637 2232 αύτοῦ
659 2173 719 2232 ούτε
740 2176 801 2256 περὶ
822 2175 960 2251 δυνάμεως
983 2176 1171 2257 παραδίδωσιν,
1195 2174 1268 2234 ἀλλὰ
1288 2177 1348 2256 περὶ
1368 2183 1419 2248 τῆς

307 2273 436 2354 ἐνεργείας
450 2273 531 2330 αότοῡ
548 2282 597 2345 τῆς
611 2274 649 2336 είς
669 2273 715 2330 τὸν
728 2273 829 2349 κόσμον
840 2275 885 2330 καί
899 2276 946 2340 τάς
957 2276 1045 2355 ψυχάς
1056 2272 1221 2353 διαλέγεται,
1239 2273 1280 2330 ότι
1291 2272 1323 2345 δὴ
1336 2273 1421 2330 πάντα

307 2373 399 2452 ἀνάγει
421 2371 464 2428 ἐπὶ
484 2372 515 2428 τό
530 2371 638 2452 ἑραστὸν
651 2371 696 2427 καί
718 2372 748 2427 τὸ
768 2369 869 2428 καλόν·
886 2372 909 2430 εί
929 2371 957 2429 δέ
975 2394 1027 2429 που
1048 2374 1062 2429 6
1083 2372 1197 2430 Πλάτων
1216 2372 1422 2454 προηγούμενον

244 2469 276 2521 20
306 2471 450 2551 <περί>
462 2491 533 2535 τινος
549 2468 631 2548 λόγον
644 2476 770 2543 ποιεῖται,
784 2471 844 2550 περὶ
858 2476 939 2550 τριῶν
951 2470 1052 2529 τούτων
1065 2469 1230 2550 διαλέγεται,
1242 2470 1302 2551 περί
1318 2469 1419 2542 οόσίας,

307 2571 367 2650 περὶ
382 2568 529 2644 δυνάμεως,
542 2569 602 2649 περὶ
616 2568 760 2648 ἐνεργείας·
772 2566 812 2624 διὸ
828 2568 854 2625 ίν
866 2574 905 2642 τῷ
921 2570 1098 2645 Συμποσίῳ
1113 2568 1204 2641 ἐπειδὴ
1219 2567 1422 2648 προηγούμενος

307 2670 341 2740 ἦν
355 2667 410 2725 ἐκεῖ
423 2670 438 2724 6
452 2668 511 2747 περὶ
524 2666 603 2723 αύτοῡ
619 2667 714 2745 λόγος,
725 2669 774 2738 τὴν
790 2667 926 2741 μεσότητα
939 2667 1020 2724 αύτού
1034 2668 1080 2724 καί
1094 2669 1143 2739 τὴν
1162 2666 1234 2734 τάξιν
1249 2665 1419 2746 παραδιδοὺς,

308 2766 423 2842 δαίμονα
441 2767 525 2844 μέγαν
544 2765 622 2822 αύτδν
641 2764 783 2837 κέκληκεν,
805 2766 842 2830 ὡς
861 2764 951 2823 δέοντα
968 2769 1001 2824 τά
1019 2765 1130 2847 δεύτερα
1148 2772 1204 2831 τοῖς
1221 2766 1346 2846 πρώτοις.
1365 2763 1421 2821 Ἐν·

308 2867 392 2921 ταῡθα
410 2863 438 2921 δὲ
452 2861 541 2935 ἐπειδὴ
556 2870 718 2944 προηγεῖται
733 2865 747 2920 6
761 2863 822 2943 περὶ
836 2868 883 2919 τοῦ
896 2863 982 2921 καλοῦ
998 2862 1095 2943 λόγος,
1112 2865 1149 2927 είς
1168 2866 1183 2922 6
1203 2867 1217 2920 6
1232 2864 1318 2944 Ἔρως
1336 2863 1422 2920 πάντα

247 2959 278 3009 25
309 2963 411 3041 ἀνάγει,
428 2959 496 3026 θεὸς
509 2962 745 3042 προσαγορεύεται.

349 3141 387 3197 Τά
407 3138 435 3196 δὲ
457 3139 588 3219 πρόσωπα
609 3141 623 3194 6
644 3137 756 3210 Λυσίας,
782 3136 842 3209 ἤτοι
865 3141 880 3195 6
905 3138 988 3218 λόγος
1013 3138 1105 3212 αὐτοῦ,
1127 3138 1172 3196 καί
1196 3139 1211 3194 6
1236 3134 1353 3216 Φαῖδρος
1376 3135 1422 3192 καὶ

313 3239 469 3318 Σωκράτης.
487 3236 599 3319 [Λυσίας
618 3238 666 3313 μέν
679 3239 723 3293 καί
737 3236 852 3318 Φαῖδρος
866 3238 971 3318 ἐρασταί
985 3236 1118 3310 ἀλλήλων
1132 3238 1170 3301 ὡς
1181 3235 1350 3317 προείρηται·
1366 3236 1381 3290 6
1395 3233 1424 3292 δὲ

313 3337 456 3417 Σωκράτης
474 3339 488 3392 ὁ
508 3335 636 3411 κηδεμὼν
656 3341 709 3393 τῶν
729 3337 794 3394 νέων
813 3336 858 3392 καί
878 3342 998 3417 προνοῶν
1018 3341 1064 3393 τοῦ
1083 3334 1201 3416 Φαίδρου
1221 3335 1265 3390 καί
1286 3333 1424 3410 ἐπανάγων

313 3435 391 3492 αύτὸν
414 3434 466 3490 ἀπὸ
488 3439 535 3491 τοῦ
559 3433 717 3514 φαινομένου
739 3435 785 3490 καί
808 3434 881 3499 ἐκτὸς
906 3432 991 3490 καλοῦ
1012 3439 1059 3491 τού
1084 3433 1110 3491 ἐν
1131 3439 1188 3497 τοῖς
1214 3433 1309 3510 λόγοις
1332 3430 1375 3487 ἐπὶ
1393 3429 1423 3486 τό

251 3553 281 3605 30
313 3534 426 3616 ψυχικόν
440 3534 484 3589 καί
506 3531 557 3612 [τό]
577 3534 667 3613 νοερόν
685 3532 779 3591 καλόν.
803 3531 909 3604 Ἐπειδὴ
932 3531 960 3589 δέ
979 3555 1046 3598 τινες
1067 3534 1103 3597 ὡς
1123 3530 1268 3613 στομρώθη
1283 3530 1327 3586 τὸν
1342 3529 1425 3606 λόγον

313 3632 454 3709 ᾐτιάσαντο
480 3628 522 3686 διά
545 3631 577 3686 τὰ
601 3630 627 3687 ἐν
649 3636 683 3707 τῇ
710 3629 859 3705 παλινῳδίᾳ
883 3631 1019 3711 είρημένα,
1044 3631 1138 3709 ῥητέον
1165 3629 1206 3686 δτι
1231 3628 1338 3691 οίκείως
1366 3632 1423 3689 τοῖς

314 3730 453 3810 πράγμασι
472 3728 518 3785 καὶ
538 3730 592 3792 τοὶς
614 3729 706 3808 λόγοις
728 3730 742 3786 θ
765 3727 910 3810 Σωκράτης
929 3736 1041 3809 χρῆται·
1064 3727 1154 3799 ἐπειδὴ
1176 3728 1226 3807 γάρ
1243 3727 1304 3807 περὶ
1318 3726 1425 3806 άρανῶν

344 3873 373 3926 21
392 3871 591 3924 Conoio.202A
652 3870 797 3936 θθθαίμονα
811 3873 887 3935 μέγαν
913 3867 981 3921 ibid.
991 3868 1092 3920 2021)ss
1153 3868 1337 3936 27προείρηται
1346 3865 1426 3928 11,24

376 3945 407 3995 30
423 3943 506 4009 ἐπειδὴ
520 3948 573 3996 κτλ.
588 3945 624 3994 oi·
639 3943 680 4003 10,
695 3944 725 3994 14

347 4044 393 4095 Nc
407 4046 420 4095 1
435 4045 462 4094 τδ
479 4056 536 4094 om.
555 4043 583 4091 M
647 4042 789 4106 έγκοσμίων
803 4039 874 4103 θεῶν]
890 4038 952 4089 iori.
971 4040 1112 4104 ἑγκσσμίιον
1130 4040 1173 4088 καί
1187 4040 1258 4088 θείων
1274 4035 1336 4100 (nisi
1350 4035 1425 4086 vocis

316 4119 376 4168 θεῶν
392 4113 576 4166 nominamus
592 4125 645 4163 non
662 4111 698 4161 sit
712 4114 774 4170 θεός,
790 4109 839 4160 sed
853 4112 904 4170 θέα)
967 4109 982 4159 6
996 4110 1078 4171 τέμοις
1091 4106 1131 4172 ἂν]
1142 4106 1250 4171 timot*
1238 4127 1268 4158 αν
1282 4108 1329 4156 M:
1342 4109 1425 4195 τέμνοι

317 4186 436 4249 <τις>
424 4207 454 4239 αν
466 4186 546 4237 vel
522 4203 618 4248 τεμνοις
630 4202 661 4234 αν
672 4195 747 4244 con]
764 4185 822 4232 AsT
884 4180 915 4231 10
929 4178 1052 4245 ἐνοραται]
1067 4182 1154 4245 δρᾶται
1169 4178 1198 4227 Μ
1261 4181 1303 4229 καί
1317 4196 1382 4229 κατα
1395 4197 1426 4228 τα

316 4262 410 4326 ίριοντα
423 4271 479 4308 om.
499 4257 527 4306 M
591 4255 622 4304 14
636 4251 699 4318 ἐπεί]
713 4250 797 4316 ἐπειδὴ
813 4252 842 4302 Μ
907 4250 936 4300 16
955 4252 1010 4316 περί
1031 4251 1122 4315 ἔρωτος
1136 4249 1236 4301 seclusi
1298 4249 1329 4299 18
1347 4245 1376 4311 δὴ
1391 4261 1425 4297 ex

317 4332 378 4383 δὲΑ
442 4329 474 4378 19
488 4324 585 4392 αναγει]
600 4324 698 4398 ἀνάγκη
713 4323 764 4373 ΟΜ
789 4322 854 4384 (iam
877 4325 1031 4372 correxerat
1053 4322 1121 4382 Αετ)
1142 4321 1180 4371 ot
1205 4321 1235 4371 25
1298 4315 1427 4386 προηγού-

319 4399 420 4467 μενοςΟ
482 4399 513 4448 20
528 4399 583 4464 περί
598 4380 692 4445 addidi
753 4399 859 4445 ποιεῖται
874 4392 988 4456 scripsi:
1003 4397 1100 4443 ποιοῖτο
1114 4392 1176 4441 libri
1238 4391 1268 4441 27
1286 4392 1427 4447 Λυσίας-

316 4472 356 4534 13,
371 4474 386 4521 2
401 4471 474 4541 ούσιᾳ
488 4469 549 4518 haeo
560 4466 681 4517 omnine
696 4464 915 4528 praeoedentibus
927 4462 1057 4527 repetita:
1073 4463 1203 4528 ἐπανάγων
1218 4466 1271 4513 κτλ.
1286 4461 1321 4512 cf
1333 4460 1372 4522 10,
1384 4462 1428 4518 12;

319 4545 403 4624 ρητίρν
417 4545 469 4592 κτλ.
486 4540 521 4590 ci.
534 4539 574 4599 10,
587 4537 631 4596 143
647 4538 747 4601 ἀφανῶν
761 4541 813 4588 κτλ
827 4536 863 4586 ci.
877 4535 917 4594 10,
930 4535 961 4586 20
1023 4534 1054 4584 28
1069 4534 1234 4598 κηδαίμωνῦ
1297 4532 1361 4583 30
1340 4551 1368 4583 το
1383 4544 1427 4582 εθ-

317 4613 386 4666 clusi
402 4626 436 4665 ex
449 4613 488 4672 10,
499 4611 529 4661 13
592 4609 621 4660 31
633 4605 803 4681 ἡτιάσαντοΙ
792 4606 915 4680 ητήσαντο
926 4605 977 4657 CM
991 4605 1058 4668 (jam
1069 4609 1225 4657 correxerat
1237 4605 1303 4668 Αετ)
