3150 5504
859 420 873 449 0

330 518 362 567 88
712 506 852 558 ΕΡΜΕΙΟΥ
874 505 1070 557 Φ1.1ΟΣΟΦΟΥ

233 653 298 732 [105]
331 660 478 738 ἀρκούσης,
495 662 540 717 καί
555 660 669 736 μάλιστα
682 669 731 734 τῆς
745 660 885 741 ἐρωτικῆς,
900 661 937 726 είς
951 660 982 717 τὸ
997 665 1165 740 περιαγαγεῖν
1178 661 1228 731 τὴν
1242 661 1343 742 ψυχὴν,
1360 658 1448 731 ἀλλ’ῆ

329 759 398 816 κατὰ
419 753 490 825 τάξιν
512 761 556 816 καί
577 760 684 838 βαθμὸν
704 760 791 817 αύτῶν
808 761 881 839 σειραὶ
897 760 942 815 καί
960 762 977 830 ῆ
996 759 1023 816 έν
1041 752 1114 825 τάξει
1133 757 1269 831 τελειδτης
1289 768 1339 830 τῆς
1360 763 1448 840 ψυχῆς

330 856 507 938 παραδίδοται
524 864 578 917 νῦν.
596 857 699 938 Ὥσπερ
715 857 760 915 ούν
773 858 820 914 τὸν
834 859 989 938 τυραννικὸν
1006 855 1116 914 δυνατὸν
1133 859 1182 932 μὲν
1198 859 1242 914 καί
1258 857 1354 936 ἁθρόον
1371 879 1450 932 μετα-

330 952 468 1014 θύλλοντα
486 958 625 1036 προθυμίᾳ
643 979 672 1014 τε
690 957 807 1031 συντόνῳ
826 957 871 1013 καὶ
889 957 956 1028 Βείᾳ
972 956 1056 1036 μοίρᾳ
1074 956 1218 1036 χρώμενον
1239 957 1451 1036 ἀριστοκρατικὸν

283 1060 298 1107 5
329 1057 459 1133 γενέσθαι,
476 1053 540 1113 ἀλλ’
560 1055 578 1126 ἥ
597 1056 714 1133 γεκατὰ
736 1056 840 1133 βαθμὸν
860 1056 941 1113 αὐτοῦ
960 1053 1052 1119 ἄνοδος
1071 1055 1122 1112 ἀπὸ
1142 1061 1190 1111 τοῦ
1209 1060 1364 1135 τυραννικοῦ
1385 1055 1451 1110 ἐστιν

331 1155 368 1218 εἷς
383 1153 595 1233 δημοκρατικὸν,
611 1157 656 1211 καί
672 1154 724 1210 ἀπὸ
742 1153 837 1211 τούτου
857 1155 894 1218 είς
914 1153 1100 1234 ὀλιγαρχικὸν,
1121 1155 1180 1210 εἶτα
1198 1154 1234 1218 εἷς
1254 1153 1448 1232 τιμοκρατικὸν,

329 1253 373 1308 καί
391 1251 544 1310 τελευταῖον
563 1253 603 1318 εἷς
623 1252 848 1332 ἀριστοκρατικὸν,
869 1249 1001 1309 ἀνάπαλιν
1018 1250 1046 1308 δὲ
1060 1256 1078 1323 ἡ
1093 1251 1207 1317 κάθοδος
1223 1252 1269 1308 καὶ
1285 1251 1448 1321 ἀπὸττωσις,

330 1351 402 1408 ούτω
417 1349 449 1423 δή
468 1353 511 1407 καί
530 1351 642 1408 ἐνταῦθα
660 1350 802 1426 μέλλουσα
815 1351 915 1408 ἀνιέναι
931 1352 976 1407 καί
989 1350 1237 1421 ἀποκαταστῆναιῆ
1255 1353 1331 1430 ψυγῆ
1347 1355 1451 1428 πρῶτον

332 1450 380 1525 μὲν
394 1456 427 1526 τῇ
445 1456 563 1526 μουσικῇ
577 1451 656 1525 μανίᾳ
670 1449 824 1531 κατέχεται,
843 1451 901 1506 εἶτα
915 1455 948 1525 τῇ
963 1448 1109 1524 τελεστικῇ,
1132 1449 1189 1506 εἶτα
1207 1453 1240 1524 τῇ
1260 1454 1388 1524 μαντικῇ,
1404 1446 1451 1503 καί

269 1551 298 1600 10
329 1546 480 1605 τελευταῖον
494 1570 528 1623 τη
544 1545 670 1626 ἐρωτικῇ,
688 1548 725 1612 ὡς
741 1548 877 1627 προιόντες
894 1547 1066 1624 γνωσόμεθα.
1085 1546 1252 1620 Συμπνέσυσι
1272 1542 1301 1601 δὲ
1317 1543 1450 1616 ἀλλήλαις

329 1649 373 1703 καὶ
391 1645 494 1703 δέονται
511 1645 638 1717 ἀλλήλων
658 1648 734 1703 αὗται
751 1648 779 1703 αί
796 1648 920 1726 τέσσαρες
936 1646 1103 1726 κατοκωχαῖ,
1122 1645 1247 1717 <καὶ>
1266 1645 1338 1701 ούτω
1359 1642 1449 1714 πολλιί,

328 1746 369 1809 τίς
386 1744 454 1801 έατιν
470 1745 557 1801 αύτῶν
574 1748 591 1815 ἡ
607 1746 743 1801 κοινωνία·
759 1748 777 1815 ἡ
793 1746 908 1824 μὲνγὰρ
927 1744 1067 1814 τελεστικὴ
1087 1741 1171 1800 δεῖται
1189 1752 1239 1814 τῆς
1259 1751 1401 1817 μουσικῆς,
1421 1742 1451 1798 τὸ

329 1843 422 1900 πολλὰ
438 1844 488 1923 γὰρ
505 1848 559 1900 τῶν
573 1845 641 1900 κατὰ
657 1845 707 1915 τῆν
723 1843 880 1914 τελεστικὴν
896 1844 1025 1918 μαντικὴν
1043 1842 1215 1922 ὑπαγορεύει·
1235 1844 1280 1897 καὶ
1292 1840 1372 1898 πάλιν
1388 1840 1449 1912 αύῆ

332 1945 444 2017 μαντικὴ
466 1951 514 2014 τῆς
533 1941 687 2015 τελεστικῆς
706 1941 872 2022 προσδεῖται,
893 1945 911 2012 ῆ
931 1943 981 2021 γὰρ
998 1939 1140 2012 τελεστικὴ
1161 1939 1236 1998 τελεῖ
1253 1941 1299 1996 καὶ
1316 1937 1451 2019 καθιδρύει

267 2041 297 2090 15
328 2041 361 2096 τὰ
375 2048 496 2115 μαντεῖα·
512 2041 529 2111 ἥ
544 2064 573 2097 τε
586 2040 619 2097 αὗ
633 2044 746 2116 μαντικὴ
762 2046 794 2117 τῇ
810 2046 938 2117 ποιητικῇ
951 2042 996 2097 καί
1010 2045 1126 2116 μουσικῇ
1139 2048 1321 2120 προσχρῆται,
1333 2032 1451 2117 ἔμμετρα

330 2140 380 2219 γὰρ
398 2141 435 2203 ὡς
456 2136 520 2204 ἔπος
538 2142 620 2197 εἰπεῖν
636 2141 678 2196 ἀεὶ
699 2140 857 2220 φθέγγονται
876 2142 902 2197 οί
921 2140 1037 2214 μάντεις·
1058 2139 1118 2210 ἥτε
1136 2141 1251 2213 μουσικὴ
1270 2138 1353 2195 πύλιν
1370 2160 1451 2216 προσ-

329 2245 429 2316 χρῆται
441 2242 474 2314 τῇ
489 2243 602 2314 μαντικῇ
616 2238 756 2318 αὐτοφυῶς
769 2239 806 2301 ὡς
821 2239 899 2303 αύτύς
911 2260 987 2318 φησι.
1002 2244 1079 2295 θεῖον
1090 2237 1141 2317 γὰρ
1155 2236 1202 2295 οὖν
1213 2239 1257 2293 καί
1268 2238 1298 2293 τὸ
1311 2237 1450 2307 ποιητικὸν

331 2333 495 2390 ἐνθεαστικὸν
518 2335 547 2391 ὸν
571 2337 649 2413 γένος
667 2334 853 2416 χρησμῳὸοῦν
874 2333 990 2391 πολλῶν
1014 2340 1070 2391 τῶν
1093 2333 1153 2391 κατΙ
1178 2333 1306 2406 ἀλήθειαν
1331 2334 1377 2398 σύν
1403 2354 1452 2388 τισι

331 2432 447 2497 Μοίσαις
465 2434 509 2488 καί
527 2435 635 2512 Χάρισιν
656 2434 799 2513 ἐρύπτεται
818 2434 954 2492 ἑκάστοτε.
976 2434 1042 2513 Περὶ
1061 2431 1089 2489 δὲ
1107 2442 1157 2504 τῆς
1175 2433 1305 2513 ἐρωτικῆς
1325 2434 1369 2488 καί
1387 2454 1452 2506 μου·

268 2528 300 2580 20
331 2539 408 2602 σικῆς
430 2531 456 2586 τί
478 2532 520 2588 δεῖ
540 2534 585 2588 καί
606 2532 726 2611 λέγεινρ
740 2529 835 2611 σχεδὸν
856 2533 908 2611 γὰρ
930 2535 956 2588 οί
979 2532 1055 2588 αὐτοὶ
1074 2534 1122 2603 τῆν
1142 2553 1171 2589 τε
1192 2533 1323 2606 μουσικὴν
1342 2532 1387 2586 καί
1405 2533 1452 2600 τῆν

332 2629 461 2707 ἐρωτικὴν
476 2628 608 2702 ἤσκησαν,
622 2632 660 2695 ὡς
674 2629 735 2687 ἄνευ
747 2629 881 2700 ἀλλήλων
893 2631 961 2687 είναι
975 2632 1014 2704 μή
1029 2628 1189 2705 δυναμένων,
1202 2631 1290 2709 ὥσπερ
1303 2628 1335 2700 δὴ
1352 2628 1451 2708 Σαπρυύ

330 2748 359 2782 τε
379 2727 424 2782 καὶ
446 2725 593 2807 Ἀνακρέων
611 2729 655 2784 καί
675 2729 700 2783 οί
723 2726 826 2802 ὅμοιοι.
848 2725 989 2806 Πρόδηλον
1008 2725 1036 2783 δὲ
1058 2726 1098 2783 δ’τι
1118 2728 1198 2797 καὶὴ
1221 2726 1337 2805 ἐρωτικδΙ
1357 2725 1452 2789 πάσαις

331 2819 521 2899 συμύύλλεται,
538 2826 605 2883 θ’που
620 2827 650 2883 ού
667 2827 749 2901 μὸνον
763 2827 870 2891 ταύταις
885 2824 951 2882 ἀλλὰ
966 2826 1016 2906 γὰρ
1029 2824 1098 2892 ἅπαξ
1111 2827 1155 2882 καί
1171 2825 1265 2889 ἁπλῶς
1277 2826 1354 2881 παντί
1367 2824 1453 2881 ἐνθου-

331 2929 447 2999 σιασμῷ·
471 2923 566 2982 οὐδένα
584 2925 634 3005 γὰρ
654 2925 847 3000 ἐνθουσιασμὸν
867 2924 930 2982 ἄνευ
948 2933 998 2996 τῆς
1015 2925 1146 3005 ἐρωτικῆς
1162 2925 1298 2988 ἐπιπνοίας
1313 2921 1453 2999 συμθαίνει

267 3020 298 3069 25
331 3024 458 3102 γίνεσθαι,
477 3023 552 3103 Ὀρᾷς
568 3030 627 3088 πῶς
644 3023 858 3104 Ὀρρεὸςπύσας
876 3022 1049 3095 ἐπιτηδεύσας
1068 3025 1187 3104 φαίνεται
1204 3025 1239 3089 ὡς
1259 3022 1390 3098 δεομένας
1410 3025 1454 3079 καὶ

303 3174 304 3177 ,
331 3119 464 3199 ἐχομένας
490 3118 630 3191 ἀλλήλων·
658 3120 883 3178 τελεστικιύτατον
914 3122 962 3196 μέν
990 3122 1042 3200 γὰρ
1066 3120 1145 3177 αύτὸν
1175 3122 1220 3176 καὶ
1249 3118 1453 3190 μαντικώτατον
1500 3120 1503 3124 ’

330 3216 537 3299 παρειλήφαμεν
547 3220 592 3274 καὶ
605 3220 655 3275 ὑπὸ
668 3227 715 3275 τοῦ
731 3218 900 3284 ’Λπόλλωνος
916 3220 1083 3293 κινούμενον,
1099 3217 1138 3276 ἐ’τι
1152 3218 1365 3290 ποιητικώτατον
1379 3217 1408 3273 ὅν
1422 3238 1453 3295 γε

224 3321 309 3372 mr·
330 3314 364 3373 δι’
379 3317 442 3373 αύτὸ
456 3317 593 3374 τοῦτοκαὶ
608 3315 791 3398 ΚαλλιόπηςἸ
810 3318 868 3374 υίὸν
883 3316 1007 3397 γενέσθαι
1021 3317 1111 3399 φασίν·
1129 3317 1328 3397 ἐρωτικώτατὸς
1341 3318 1369 3374 τέ
1384 3316 1453 3373 ἐστιν

331 3415 369 3479 ὡς
390 3415 469 3480 αὐτὸς
489 3413 575 3493 λέγων
592 3415 716 3496 φαίνεται
733 3417 800 3496 πρὸς
820 3417 866 3474 τὸν
882 3423 1018 3475 Μουσαῖον
1032 3417 1077 3472 καί
1092 3416 1238 3496 προτείνων
1253 3415 1325 3489 αύτῷ
1341 3415 1374 3471 τὸ
1389 3420 1454 3471 Βεϊα

268 3509 300 3558 30
331 3511 416 3590 ἀγαθδι
430 3514 473 3568 καί
489 3511 603 3570 τελειῶν
616 3513 706 3572 αὐτὸν.
724 3514 825 3579 Πύσαις
839 3513 886 3572 σύν
901 3513 977 3595 ὥρθη
994 3518 1061 3589 ἡμῖν
1076 3515 1153 3579 οὗτος
1167 3515 1181 3570 ὁ
1196 3515 1264 3592 ἀνὴρ
1278 3513 1454 3593 κατασχεθεὶς

226 3628 251 3678 p.
269 3617 315 3666 106
331 3618 390 3675 ταῖς
408 3611 529 3686 μανίαις·
550 3613 595 3668 καί
611 3612 767 3691 ἀναγκαίως
783 3612 811 3670 δὲ
829 3613 834 3693 Ι
852 3619 931 3670 τοῦτο
952 3607 1104 3687 συμθαίνει·
1126 3611 1215 3683 πολλὴ
1235 3611 1285 3691 γὰρ
1298 3609 1395 3676 ένωσις
1410 3612 1454 3667 καί

332 3711 466 3785 σύμπνοια
481 3710 583 3767 τούτων
602 3715 657 3766 τῶν
677 3716 752 3768 θεῶν
770 3711 837 3791 πρὸς
857 3710 992 3782 ἀλλήλους
1009 3715 1064 3767 τῶν
1084 3710 1186 3791 ἐρόρων
1203 3710 1306 3765 τούτων
1325 3714 1380 3765 τῶν
1400 3731 1454 3783 μα-

330 3814 405 3878 νιῶν,
420 3809 465 3866 καὶ
476 3806 568 3880 πολλῇ
582 3809 715 3882 οίκειδτης
726 3811 792 3889 πρὸς
801 3809 910 3875 ἑαυτούς
924 3809 977 3866 ἐστι
989 3814 1113 3880 Μουσῶν,
1129 3808 1264 3878 Διονύσου,
1275 3806 1452 3877 ιΛπόλλωνος,

330 3907 460 3987 Ἔρωτος.

360 4100 391 4149 17
413 4103 473 4165 φησί
489 4114 495 4151 :
514 4113 612 4152 vocem
634 4101 763 4166 αὐτοφυῶς
784 4101 910 4152 invenies
932 4101 1016 4166 Gorq.
1037 4102 1082 4152 513
1106 4101 1128 4150 Β
1147 4107 1175 4152 σι
1192 4100 1254 4165 Ley.
1274 4099 1352 4151 16⁴2
1371 4099 1392 4150 C

329 4172 360 4223 24
382 4172 472 4223 οὐδένα
492 4199 523 4208 -
546 4173 577 4223 30
595 4171 669 4223 αὐτόν
691 4173 747 4234 jam
766 4173 888 4223 ediderat
908 4173 1021 4224 Gustum
1042 4173 1070 4223 in
1091 4171 1221 4238 Orphicis
1242 4172 1285 4232 tir.
1304 4171 1352 4222 275
1372 4171 1453 4233 Abel)

391 4243 423 4293 28
438 4243 466 4293 in
483 4244 573 4294 Suum
589 4258 612 4294 s.
626 4258 651 4293 v.
672 4241 780 4312 Ὀρφεύς
795 4245 896 4295 dieitur
909 4244 983 4295 filius
998 4245 1107 4310 Oeagrii
1122 4251 1148 4296 et
1162 4244 1297 4308 Calliopes

362 4363 409 4414 Nc
429 4363 443 4415 1
464 4365 517 4416 ἀλλ’
536 4365 551 4429 ἣ
569 4368 593 4414 Α
657 4362 701 4413 3-4
725 4369 893 4429 μεταθαλόντα
914 4367 946 4416 A¹
1010 4367 1256 4433 θάριοτοκρατικῶς
1276 4366 1304 4415 Μ
1370 4366 1402 4415 10
1420 4362 1455 4424 ὡς

329 4448 383 4484 om.
400 4433 438 4483 M.
503 4433 532 4484 11
551 4436 594 4485 καί
608 4433 702 4484 addidi
766 4437 796 4487 13
814 4432 965 4502 ὑπαγορεύει
989 4437 1150 4500 μαντικήνΜ
1217 4432 1403 4503 14καθιδρεύει
1423 4436 1453 4485 Μ

392 4505 421 4554 17
439 4506 513 4564 αὐτὸς
527 4508 587 4571 φησί
599 4508 623 4554 Α
686 4505 719 4556 18
732 4509 935 4559 ἐνθουσιαστικὸν
954 4509 981 4557 Μ
1046 4507 1077 4557 19
1092 4508 1117 4558 δέ
1131 4508 1226 4571 scripsi
1242 4524 1248 4557 :
1264 4508 1313 4574 γὰρ
1328 4507 1391 4558 libri

328 4576 360 4626 20
376 4575 421 4641 δεῖ]
436 4577 466 4640 δὴ
482 4578 515 4626 Α1
579 4576 610 4624 23
629 4579 701 4628 παντί
720 4591 774 4628 om.
793 4580 820 4628 M
885 4579 916 4628 25
937 4578 1055 4645 Ὀρφεὺς]
1073 4583 1086 4629 ὸ
1106 4579 1242 4645 Σωκράτης
1260 4582 1284 4629 Α
1303 4578 1363 4639 (sed
1379 4580 1455 4629 linea

329 4654 485 4699 transversa
494 4649 612 4699 deducta
624 4650 813 4716 superscripsit
828 4649 924 4701 eadem
940 4664 1037 4700 manus
1053 4647 1170 4719 ὀρφεύς)ε
1187 4649 1323 4718 ὀὈρριὺς
1338 4651 1454 4714 Gustum
