3120 5506
400 490 455 542 ΕΙΣ
476 491 537 544 TON
559 491 736 544 ΠΛΑΤΩΝΟΣ
757 489 901 542 ΦΑΙΔΡΟΝ
923 487 1047 540 ΣΧΟΛΙΔ
1240 494 1287 545 183

65 649 133 720 [1601
166 667 264 719 τητος
279 645 519 721 συμμεμυκότα
533 646 613 719 ἦσαν,
626 646 759 704 τουτέστιν
772 645 800 701 αἱ
811 642 937 719 δυνάμεις
951 651 1002 716 τῆς
1017 646 1121 724 ψυχῆς,
1133 641 1230 708 αἵτινες
1245 640 1288 700 διά

164 744 215 816 τήν
232 742 333 823 γένεσιν
353 750 556 821 συμμεμυκυῐαι
574 746 654 818 ἦσαν,
668 740 784 826 ἤρξαντο
804 742 962 824 εόρόνεσθαι
981 742 1032 800 ὑπὸ
1051 739 1222 821 θερμότητος
1241 741 1287 799 καὶ

164 852 214 916 τῆς
227 842 370 923 ἀναγωγοῦ
386 841 538 920 δυνάμεως.
559 843 564 922 Ι

65 1002 148 1069 mel
205 997 261 1079 κγ’.
284 997 513 1081 Ἔπιρρυεέσης
535 999 567 1058 δέ
586 1009 647 1073 τῆς
668 999 806 1084 τροφῆς]
828 1001 885 1059 251
909 998 946 1058 Β.

117 1157 133 1206 5
206 1151 330 1212 Φυσικῶς
345 1140 404 1228 ἔχει
416 1151 489 1202 πᾶσα
502 1147 577 1226 ψυχὴ
593 1144 749 1225 ἀνθρωπίνη
763 1143 795 1201 τὸ
812 1142 966 1222 ἀνάγεσθαι·
983 1148 1064 1201 τοῦτο
1082 1141 1129 1201 οὖν
1147 1141 1220 1222 λέγει
1239 1145 1289 1228 τὴν

165 1242 277 1320 δόναμιν
293 1243 376 1316 αὐτῆς
393 1244 443 1316 τὴν
461 1243 523 1301 τότε
542 1242 569 1301 έν
584 1243 664 1321 βάθει
681 1242 874 1322 κεκρυμμένην
887 1242 932 1299 καὶ
946 1239 1089 1322 ἀνέργειαν.
1103 1276 1143 1286 -
1156 1240 1289 1315 ’Ὠιδησε

165 1344 210 1401 καὶ
223 1341 326 1416 ηὔξησε
339 1343 384 1400 καὶ
397 1342 435 1407 εἰς
452 1339 512 1418 ὄψιν
525 1339 627 1421 ἤγαγεν
643 1343 662 1413 ἦ
680 1340 742 1421 ρ’έζα
759 1341 804 1398 καὶ
823 1343 837 1398 ό
858 1347 917 1399 τοῦ
933 1347 1057 1420 πτεροῦ
1071 1338 1194 1405 καυλὸς
1209 1340 1288 1413 καλή

166 1441 305 1521 ἀναγωγός
329 1438 441 1516 δύναμις
467 1439 623 1512 ἀνεκινήθη.
644 1472 684 1484 -
704 1437 778 1495 ’Υπδ
801 1444 862 1495 πᾶν
883 1439 918 1496 τὸ
941 1445 996 1510 τῆς
1021 1441 1136 1521 ψυχῆς,
1159 1438 1217 1496 ἀντὶ
1241 1441 1289 1495 τοῦ

165 1546 247 1598 πᾶσα·
266 1538 297 1597 οό
310 1537 360 1619 γάρ
374 1539 405 1596 τδ
422 1538 471 1614 μέν
486 1537 572 1611 αὐτῆς
588 1538 725 1617 ἀνάγεται,
738 1537 769 1594 τὸ
785 1533 814 1593 δέ
826 1533 869 1610 οὔ,
886 1534 960 1593 ἀλλά
973 1542 1056 1597 πᾶσα.
1072 1570 1112 1584 -
1125 1542 1214 1593 Πᾶσα
1229 1537 1290 1616 γάρ

104 1648 135 1700 10
166 1639 216 1710 ἦν·
237 1638 295 1695 ἀντὶ
309 1643 368 1695 τοῦ·
391 1637 450 1720 εἶχε
469 1638 517 1703 τάς
534 1637 693 1717 ἀναγωγοδς
713 1634 851 1710 δυνάμεις.
865 1669 905 1680 -
918 1636 953 1692 Τό
969 1633 997 1692 δὲ
1013 1637 1053 1703 ζεῖ
1067 1634 1125 1693 οὖν·
1146 1635 1235 1715 ὥσπερ
1251 1633 1291 1692 έν-

166 1739 253 1794 ταῠθα
270 1737 301 1794 τὸ
321 1737 380 1804 ζέον
397 1736 428 1793 τό
448 1731 588 1818 ὑπιρόολῇ
607 1734 710 1816 θερμόν
729 1733 876 1810 ἀκούομεν,
895 1733 968 1791 οθτω
987 1734 1031 1790 καὶ
1051 1732 1095 1791 έπὶ
1113 1738 1204 1814 ψυχῆς
1219 1731 1290 1802 ζέσιν

167 1834 281 1914 λέγομεν
293 1836 342 1907 τὴν
354 1828 507 1916 όπερόολήν
520 1842 570 1907 τῆς
585 1831 701 1916 έρέσεως
716 1840 766 1905 τῆς
781 1832 940 1911 ἀναγωγοῦ·
960 1833 1010 1900 ζεῖ
1030 1829 1087 1890 οὖν
1103 1838 1185 1889 τοῦτο
1203 1831 1289 1911 λέγει,

168 1935 288 2007 τουτέστι
307 1927 490 2016 σροδροτάτηυ
509 1929 567 2016 ἔχει
583 1934 635 2003 τὴν
655 1930 743 2014 ἔρεσιν
760 1933 805 1988 καὶ
822 1933 872 2004 τὴν
890 1933 979 2012 δρμήυ
995 1933 1046 2003 τὴν
1066 1930 1110 2011 έπὶ
1123 1932 1156 1988 τά
1171 1928 1235 1992 ἀνω.
1252 1966 1291 1975 -

169 2031 368 2111 ’Δνακηκέεη
381 2033 516 2091 τουτέστιν
526 2030 650 2106 ἀναπηδᾷ
663 2031 709 2087 καὶ
723 2029 843 2104 ἐνθουσιᾷ
856 2030 903 2088 καὶ
917 2026 1123 2113 έκόακχεόεται·
1136 2031 1287 2103 όποεητης·

107 2202 137 2257 15
466 2194 551 2260 πολὺς
571 2193 595 2253 δ’
613 2194 756 2269 ἀνεκήκιεν
775 2194 869 2278 ἱδρώς.

209 2371 261 2433 κδ’.
284 2371 342 2431 Καὶ
363 2371 443 2452 όπιρ
463 2371 499 2430 τδ
519 2376 584 2429 τῶν
605 2369 907 2455 όδοντορυοόντων]
927 2373 985 2434 251
1008 2370 1044 2433 C.

210 2513 325 2596 Ὠσπερ,
346 2515 424 2599 ρησὶ,
440 2515 501 2595 περὶ
519 2517 570 2586 τὴυ
590 2515 680 2598 ἀρχὴν
697 2524 746 2589 τῆς
760 2515 895 2600 έκρόσεως
909 2522 963 2575 τῶν
979 2516 1097 2576 ὀδόντων
1111 2518 1214 2597 γίνεται
1225 2540 1293 2599 γαρ·

169 2611 316 2693 γαλισμδς,
332 2614 378 2672 τδν
394 2614 474 2672 αότδν
489 2613 588 2694 τρόπον
601 2615 646 2671 καὶ
659 2617 677 2687 ἡ
692 2617 767 2697 ψυχή
782 2616 983 2691 ἀναμνησθεῖσα
998 2615 1099 2699 ἑρέεται
1113 2621 1168 2674 τῶν
1179 2615 1234 2676 ἀνω
1248 2619 1294 2675 καὶ

169 2715 287 2793 ἠρεμεῖν
300 2712 350 2770 οὐκ
364 2712 487 2795 ἀνέχεται
501 2713 546 2770 καὶ
560 2711 717 2771 όδυνῖιται
732 2714 770 2778 ὡς
783 2711 822 2772 έτι
835 2715 1009 2798 κατεχομένη
1025 2714 1148 2789 ἐνταῦθα,
1164 2714 1292 2797 έριεμένη

107 2811 140 2863 20
172 2808 201 2869 δέ
218 2809 339 2871 έκεένων.
357 2845 397 2856 -
415 2808 484 2890 Ὅρα
499 2808 528 2869 δὲ
541 2810 638 2876 πόσαις
654 2819 822 2894 μεταροραῖς
842 2811 980 2895 έχρησατο
1000 2813 1015 2869 δ
1035 2810 1162 2869 Πλάτων·
1178 2817 1225 2869 νῦν
1240 2812 1293 2869 ἀπὸ

170 2917 222 2982 τῆς
239 2907 425 2992 όδοντορυέας,
445 2909 571 2989 ἀνωτέρω
588 2909 640 2967 ἀπὸ
656 2915 711 2968 τῶν
729 2906 854 2984 λεόητων
873 2910 919 2970 ότε
937 2905 1013 2990 ἔλεγε
1031 2912 1085 2987 ζεῖ,
1106 2910 1152 2967 καὶ
1169 2909 1221 2967 ἀπὸ
1239 2915 1294 2967 τῶν

170 3007 339 3089 τετραπόδων
352 3009 398 3066 καὶ
412 3013 467 3066 τῶν
480 3006 575 3065 ἀλλων
590 3008 676 3068 εἶπεν.

211 3166 262 3229 κε’.
285 3166 381 3228 Ὅταν
403 3169 461 3245 μέν
482 3166 550 3251 οὗν]
573 3169 630 3228 251
653 3165 690 3228 C.

212 3315 275 3394 Περὶ
289 3322 340 3387 τῆς
351 3313 496 3393 ἀναγωγῆς
510 3321 559 3386 τῆς
575 3316 667 3395 ψυχῆς
682 3312 752 3371 έστιν
766 3315 780 3370 ό
792 3312 881 3392 λόγος·
897 3313 943 3371 καὶ
961 3312 1055 3386 ἐπειδὴ
1072 3312 1227 3392 ἀναγομένη
1245 3334 1294 3370 κα-

110 3422 141 3472 25
172 3415 282 3495 τέχεται
296 3411 409 3469 ἐνταῦθα
421 3413 483 3491 πρὶν
496 3409 589 3469 τέλεον
604 3411 721 3493 ἀναχθῇ,
740 3409 869 3490 βοόλεται
883 3410 972 3491 ὥσπερ
987 3409 1116 3487 σόμμιξιν
1130 3409 1234 3483 ἡδονῆς
1249 3411 1295 3468 καὶ

172 3510 260 3584 λόπης
271 3513 366 3587 εἰπεῖν,
378 3510 423 3568 καί
437 3532 517 3592 ρητιν
533 3510 573 3568 ότι
585 3510 662 3568 όταν
678 3510 736 3586 μέν
751 3511 802 3590 δρᾷ
815 3512 895 3590 πρὸς
908 3511 943 3567 τὸ
957 3507 1083 3575 κάλλος
1095 3515 1152 3567 τοῦ
1166 3507 1294 3588 παιδὸς,

173 3610 294 3693 τρέρεται
307 3610 352 3667 καὶ
367 3607 500 3691 ἄρδεται
513 3610 559 3666 καὶ
573 3607 665 3681 ἥδεται
675 3614 710 3685 τῇ
725 3611 823 3686 μνήμη
836 3609 971 3668 τῶν-ἐκεῖ·
985 3613 1003 3682 ἡ
1016 3609 1066 3690 γάρ
1078 3603 1227 3686 ἀνάμνησις
1241 3616 1295 3667 τῶν

175 3707 255 3768 εἰδῶν
266 3709 311 3766 καὶ
324 3714 379 3766 τῶν
395 3712 502 3780 νοητῶν
516 3708 569 3765 ἀπὸ
583 3713 636 3765 τῶν
651 3706 771 3766 ἐντεῦθεν
784 3708 897 3788 γίνεται·
915 3707 956 3766 διὸ
972 3711 1042 3788 δρῶν
1058 3709 1094 3766 τὸ
1110 3706 1237 3774 κάλλος
1252 3712 1297 3766 καὶ

174 3808 208 3866 τά
232 3808 313 3890 μέρη
337 3807 370 3865 τά
393 3806 528 3865 έπιόντα
552 3806 604 3865 ἀπὸ
624 3812 673 3864 τοῦ
694 3805 778 3864 καλοῦ
802 3810 860 3864 οἷον
885 3805 991 3867 ε’έδωλά
1012 3829 1082 3880 τινα,
1105 3808 1230 3890 τρέρεται
1252 3810 1298 3866 καὶ

113 3915 145 3965 30
174 3906 297 3987 γέγηθε
310 3907 355 3963 καὶ
369 3905 497 3984 ἀνάγεται
511 3904 555 3963 έπέ
567 3904 598 3963 τὸ
613 3904 722 3978 νοητόν·
739 3904 853 3971 ἀπόντος
868 3903 896 3963 δὲ
910 3911 958 3964 τοῦ
972 3905 1055 3964 καλοῦ
1071 3907 1174 3983 μέμυκε
1188 3908 1234 3964 καὶ
1253 3907 1297 3965 οὗ·

208 4099 513 4155 15Ψ507ευ1.Ν705

208 4222 255 4274 Nc
274 4219 289 4273 1
305 4224 487 4288 συμμεμυκότα
502 4221 572 4273 Plat.
587 4236 593 4272 :
612 4223 772 4286 μιμεμυκότσ
784 4223 840 4272 Α·;
858 4223 986 4286 μεμυκότα
998 4220 1067 4282 EM:
1083 4222 1119 4274 of.
1134 4221 1190 4281 182,
1205 4223 1236 4273 26

176 4293 333 4360 2ἀπδΙάπδ
354 4293 384 4343 Μ
447 4293 646 4360 έέπιρρυεέσης,
663 4292 762 4346 έευδτ.
779 4293 803 4342 A
867 4292 942 4343 6ιια1
956 4296 981 4345 έυ
996 4292 1066 4361 βάθει
1083 4293 1111 4343 Μ
1177 4291 1260 4360 ᾤδησέ
1272 4311 1298 4345 τε

178 4366 206 4417 Μ
223 4365 292 4417 Plat.
356 4363 490 4430 Ὶηόξησε]
510 4365 582 4430 έζησε
602 4364 630 4414 Μ
696 4366 772 4416 ότοῦ
792 4367 884 4449 πτεροῦ
897 4365 991 4424 καυλὸς
1006 4368 1064 4416 Aer
1080 4380 1085 4414 :
1103 4366 1131 4416 τδ
1146 4368 1190 4418 τοῦ
1207 4369 1298 4432 πτεροῦ

177 4437 269 4497 κάλλος
282 4436 344 4488 libri
407 4439 492 4500 ηοω.
511 4435 590 4485 MDE
653 4434 945 4499 ΒπάντδῙτιαυτηςΑι
1008 4434 1039 4487 10
1049 4438 1080 4488 ’τδ
1095 4437 1121 4488 δέ
1135 4450 1189 4487 om.
1206 4437 1234 4486 Μ

178 4515 213 4569 ζεῖ
230 4509 299 4560 plat.
315 4516 349 4559 t:
369 4515 397 4584 ζῇ
417 4507 465 4557 ΒΤ
529 4506 559 4559 16
579 4509 622 4558 καὶ
642 4508 715 4559 rubr.
739 4508 763 4557 A
827 4508 935 4557 ὀδόντων
957 4503 1084 4573 φυοόντωυ
1106 4507 1174 4559 Plan
1195 4507 1299 4560 cod.'l’

240 4582 270 4632 21
286 4589 336 4632 τῶν
350 4593 404 4631 om.
414 4583 439 4630 A
450 4584 515 4630 ante
528 4581 687 4645 τετραπόδων
749 4578 779 4628 23
798 4576 867 4639 όταν,
881 4576 895 4628 ό
907 4577 980 4628 rubr.
996 4581 1019 4628 A
1082 4579 1113 4630 26
1127 4581 1200 4644 φησὶν
1211 4583 1234 4630 Α

177 4652 209 4703 29
224 4655 326 4705 ἀπιόντα
339 4650 434 4716 scripsi
451 4664 467 4702 0
482 4650 598 4702 Platone
613 4663 620 4699 ε
635 4651 756 4717 παριόντα
774 4648 838 4701 libri
852 4649 910 4712 (sed
926 4652 951 4701 A
970 4664 1006 4703 ex
1020 4653 1141 4718 παρόντα)
1170 4664 1171 4667 ’
1204 4652 1296 4704 τιυάΑ
