3150 5504
292 495 338 544 τοι
672 483 813 534 mmor
834 466 1029 535 οιιοεοψοι·

194 647 258 711 [1151
293 641 320 695 Εἰ
336 637 382 695 οὖν
400 637 444 695 ὑπ’
459 636 569 702 οὐδενὸς
592 638 738 718 φθείρεται,
759 644 818 701 πῶς
841 637 872 695 ἀν
894 640 991 709 ἑαυτήν
1011 640 1144 720 φθείρειεν
1162 639 1229 710 αῦτη
1249 640 1327 718 πηγὴ
1348 638 1413 696 οῦσα

293 741 379 814 ζωῆς;
400 735 483 794 ’Ὠστε
503 736 568 815 ὅπερ
588 734 692 817 ἔφαμεν
712 737 836 816 ἑκάτερος
854 743 908 793 τιῦν
924 738 1015 816 λόγων
1033 738 1111 803 αὐτὸς
1126 737 1186 795 καθ’
1200 738 1296 794 ἑαυτὸν
1310 737 1414 803 τέλειός

292 837 359 907 ἐστι,
373 836 506 916 περιέχων
522 835 549 892 ἐν
567 836 654 909 ἐαυτῷ
667 836 713 892 καί
729 837 775 892 τὸν
791 833 899 906 λοιπὸν,
916 835 1068 916 ἐκφαίνεται
1082 835 1111 894 δὲ
1124 838 1170 893 καί
1184 835 1414 916 χαρακτηρίζεται

290 937 304 991 6
321 937 369 1009 μὲν
383 941 422 1008 τῷ
438 935 479 990 ὅτι
494 932 537 1014 ὑφ’
552 935 648 1004 ἑαυτῆς
662 939 693 989 οῦ
707 933 855 1014 φθείρεται,
873 935 887 990 6
902 932 930 991 δὲ
944 941 983 1008 τῷ
998 935 1040 992 ὅτι
1055 933 1112 991 οὐδ’
1122 934 1166 991 ὑπ’
1180 933 1278 994 ἄλλον.
1292 967 1331 978 -
1346 936 1413 1014 Πρό-

243 1041 257 1088 5
289 1053 366 1110 τερον
382 1029 411 1088 δὲ
425 1031 506 1095 αῦτάς
522 1029 602 1106 ψιλὰς
619 1030 762 1106 έκθιθμεθα
780 1037 834 1087 τῶν
855 1031 1050 1111 συλλογισμῶν
1065 1033 1112 1098 τὰς
1125 1034 1270 1112 προτάσεις
1286 1032 1314 1089 ἐν
1328 1031 1412 1105 τάξει,

290 1129 382 1200 ἐπειδὴ
404 1127 540 1209 σποράδην
562 1127 642 1192 αὐτάς
663 1130 677 1184 ὁ
698 1126 813 1184 Πλάτων
833 1123 948 1195 ἐξέθετο.
966 1128 993 1185 ‘0
1010 1130 1059 1204 μὲν
1079 1129 1125 1186 οῦν
1144 1130 1273 1209 πρότερος
1291 1131 1412 1193 τοιοῦτός

290 1229 368 1286 ἐστιν·
393 1232 410 1300 ἡ
436 1230 511 1309 ψυχὴ
538 1227 728 1299 αῦτοκίνητος·
753 1229 783 1284 τὸ
808 1228 982 1299 αὐτοκίνητον
1009 1228 1175 1299 ἀεικίνητον·
1201 1229 1232 1285 τὸ
1260 1229 1414 1300 ἀεικίνητον

289 1329 431 1403 ἀθάνατον·
455 1330 472 1398 ἡ
495 1328 571 1407 ψυχὴ
592 1325 643 1406 ἀρα
664 1325 803 1390 ἀθάνατος.
826 1328 909 1392 Οὗτος
929 1326 976 1383 οῦν
996 1331 1065 1402 ἡμῖν
1088 1323 1169 1394 δείξει
1189 1329 1202 1383 6
1223 1327 1308 1406 λόγος
1326 1328 1368 1384 θ’τι
1387 1322 1415 1395 ἐξ

289 1427 386 1498 ἐαυτῆς
407 1425 438 1482 οὖ
455 1426 601 1506 φθείρεται.
621 1423 695 1497 <Ὀ
711 1422 739 1481 δὲ
759 1422 882 1504 δεύτερος
899 1429 1105 1497 τοιοῦτος·>ή
1127 1427 1202 1507 ψυχὴ
1221 1426 1411 1498 αὐτοκίνητος·

226 1529 256 1578 10
287 1525 318 1578 τὸ
335 1523 513 1594 αὐτοκίνητον
526 1523 598 1602 ἀρχή
613 1525 759 1593 κινήσεως·
776 1524 793 1592 η
810 1522 882 1603 ἀρχή
898 1531 948 1594 τῆς
963 1526 1096 1595 κινήσεως
1110 1522 1254 1601 ἀγένητος·
1270 1524 1302 1580 τῦ
1317 1524 1368 1602 ἀγέ
1403 1558 1413 1568 ·

288 1642 335 1676 τον
351 1619 494 1700 άφθαρτον·
511 1621 542 1676 τὸ
558 1619 692 1700 ἄφθαρτον
707 1620 851 1676 ἀθάνατον·
868 1623 886 1691 ἦ
902 1622 977 1701 ψυχή
994 1618 1045 1700 ἀρα
1059 1620 1202 1685 ἀθάνατος.
1215 1622 1297 1685 Οῦτος
1309 1623 1324 1677 6
1334 1620 1414 1700 λόγος

288 1714 366 1782 δείξει
386 1719 455 1791 ἡμῖν
476 1717 517 1773 δτι
536 1713 593 1772 οὐδ’
614 1714 657 1772 ὑπ’
677 1712 764 1772 ἀλλον
784 1717 856 1780 τινὸς
876 1717 1043 1796 φθείρεταιί,
1060 1718 1145 1796 ψυχή,
1162 1751 1202 1761 -
1220 1717 1286 1796 Περὶ
1304 1718 1353 1793 μὶν
1367 1716 1413 1774 οῦν

288 1823 338 1886 τῆς
353 1812 484 1887 ἀληθείας
500 1819 554 1869 τῶν
570 1813 728 1888 λημμάτων
744 1812 771 1870 έν
786 1819 845 1878 τοῖς
864 1815 1003 1888 ἑπομένοις
1022 1809 1139 1893 ἀκριῦῶς
1156 1813 1269 1894 ἐροῦμεν
1285 1816 1316 1870 τὸ
1330 1815 1413 1893 ῥητὸν

288 1912 495 1992 σαφηνίζοντες
517 1917 563 1968 νῦν
579 1910 607 1968 δὲ
626 1914 676 1984 τήν
696 1912 870 1992 πρώτην,καί
888 1914 983 1983 κοινήν
999 1918 1054 1969 τῶν
1070 1911 1117 1970 δύο
1132 1911 1327 1992 συλλογισμῶν
1345 1915 1414 1994 πρό-

226 2021 256 2070 15
290 2033 378 2081 τασιν,
392 2013 441 2082 τήν
456 2010 586 2089 λέγουσαν
604 2035 616 2065 ιι
634 2013 743 2091 ἡψυχὴ
755 2011 929 2082 αῦτοκίνητος
946 2035 973 2083 ν,
988 2013 1047 2083 ήνὸ
1062 2011 1178 2069 Πλάτων
1190 2010 1351 2069 τελευταίαν
1365 2018 1413 2069 τοῦ

287 2111 387 2174 παντὸς
402 2108 487 2187 λόγου
502 2109 652 2181 ἐκθήσεται,
668 2113 751 2184 ἡμεῖς
765 2109 849 2179 αὐτὴν
866 2108 907 2190 ἐφ’
923 2110 1019 2181 έαυτής
1035 2106 1275 2184 ἀποδιαλαῦόντες,
1291 2113 1351 2191 περὶ
1365 2116 1413 2168 τοῦ

289 2208 465 2279 αῦτοκινήτου
485 2207 657 2283 σκεψώμεθα,
680 2207 754 2270 δ’πως
776 2207 882 2287 πρῶτόν
901 2207 956 2264 ἐστι
976 2212 1031 2264 τῶν
1051 2207 1227 2283 κινουμένων,
1251 2206 1344 2278 ἐπειδὴ
1367 2208 1412 2266 καὶ

288 2307 349 2385 περίΙ
367 2310 415 2362 τοῦ
432 2305 501 2362 εἶναι
520 2305 593 2370 ὅλως
612 2305 677 2361 αὐτὸ
697 2305 750 2386 οὐχ
768 2307 781 2361 6
800 2305 892 2386 τυχὼν
909 2306 976 2386 ἀνὴρ
991 2303 1212 2387 ήμφισῦήτησεν.
1229 2306 1309 2370 Ἴσως
1325 2305 1354 2364 δὲ
1369 2309 1411 2364 εῦ-

289 2405 430 2482 ρεθήσεται
444 2402 512 2459 ὅπου
526 2401 589 2459 οὐδὲ
599 2400 777 2482 διαφωνοῦσιν
791 2405 817 2459 οἱ
833 2403 986 2484 φιλόσοφοι.
1004 2406 1054 2462 Καὶ
1069 2392 1122 2485 γὰρ
1136 2407 1150 2462 6
1165 2406 1213 2480 μὲν
1226 2403 1414 2484 Ἀριστοτέλης

225 2510 256 2560 20
287 2502 334 2566 τάς
353 2503 510 2577 σωματικάς
529 2501 616 2566 πάσας
635 2504 751 2573 κινήσεις
772 2502 864 2559 ἀνεῖλε
883 2510 933 2573 τῆς
953 2505 1057 2583 ψυχῆς,
1078 2503 1143 2582 ὅπερ
1165 2503 1210 2559 καὶ
1223 2506 1307 2578 ἡμεῖς
1322 2525 1413 2584 φαμεν

288 2597 474 2671 ἀληθέστατον
488 2599 567 2669 εἶναι,
584 2601 599 2655 6
615 2597 643 2656 δὲ
662 2597 778 2656 Πλάτων
795 2605 888 2680 σαφῶς
907 2597 992 2663 ἀλλας
1010 2600 1077 2658 εἶναι
1091 2602 1139 2664 τὰς
1156 2608 1206 2671 τῆς
1225 2604 1317 2681 ψυχῆς
1334 2605 1412 2672 κινή-

289 2720 342 2762 σεις
357 2700 429 2778 παρὰ
444 2699 532 2761 πάσας
552 2700 599 2762 τὰς
616 2699 771 2773 σωματικὰς
789 2698 976 2778 ἀποφαίνεται·
994 2699 1059 2777 φησί
1073 2699 1125 2778 γὰρ
1141 2697 1168 2754 έν
1183 2704 1222 2772 τῷ
1239 2697 1344 2774 δεκάτῳ
1358 2705 1412 2756 τῶν

289 2797 417 2872 Νόμων
436 2820 450 2851 ιι
468 2794 542 2875 ἄγει
560 2797 618 2871 μἐν
638 2794 675 2866 δὴ
692 2797 779 2876 ψυχή
800 2794 1197 2875 πάντατὰκατόῦρανὸν
1213 2799 1267 2852 καί
1281 2805 1344 2876 γῆν
1359 2800 1412 2854 καὶ

290 2893 457 2952 θάλατταν
481 2901 554 2958 ταῖς
580 2895 698 2965 έαυτῆς
725 2896 910 2966 κινήσεσιν,
935 2897 988 2958 αίς
1014 2893 1159 2969 ὀνόματά
1184 2893 1253 2951 έστι
1278 2895 1412 2973 βούλεο·

226 3002 257 3051 25
290 2997 357 3065 θαι,
375 2996 585 3065 σκοπεῖσθαι,
609 2992 858 3068 ἐπιμελεῖσθαι,
879 2992 1113 3071 βουλεύεσθαι,
1133 2988 1288 3060 δοξάζειν
1305 2994 1413 3071 ὀρθῶς

288 3091 515 3167 ἐψευσμένως,
535 3092 718 3172 χαίρουσαν
737 3089 962 3166 λυπουμένην,
981 3097 1170 3170 θαρροῦσαν
1188 3086 1412 3171 φοῦουμένην,

290 3196 449 3266 μισοῦσαν
474 3189 685 3269 στέργουσαν.
709 3213 723 3243 ν
747 3187 808 3245 Ὅτι
832 3190 880 3264 μὶν
901 3188 948 3246 οῦν
970 3185 1026 3245 ἔστι
1050 3210 1089 3253 τις
1116 3189 1187 3268 ἀρχὴ
1212 3190 1345 3260 κινήσεως
1369 3190 1415 3246 καὶ

289 3289 357 3360 αίίτη
381 3287 436 3344 ἐστὶ
458 3289 488 3344 τὸ
509 3287 686 3360 αὐτοκίνητον
709 3287 830 3344 ἐντεῦθεν
852 3285 947 3358 δῆλον
971 3286 1046 3351 ὄντος
1066 3288 1117 3366 γὰρ
1139 3285 1280 3367 προδήλου
1301 3291 1350 3343 τοῦ
1372 3288 1414 3343 δτι

288 3383 342 3443 ’ἐστι
361 3388 391 3443 τὸ
413 3387 614 3465 έτεροκίνητον,
635 3384 698 3457 ήτοι
716 3386 798 3443 πάλιν
819 3391 899 3442 τοῦτο
921 3388 951 3442 τὸ
973 3387 1162 3466 έτεροκίνητον
1184 3386 1235 3441 ὑπὸ
1257 3385 1347 3465 ἑτέρου
1368 3387 1413 3441 καὶ

227 3493 258 3542 30
289 3484 371 3541 αὐτοῦ
392 3487 578 3563 έτεροκινήτου
599 3482 674 3547 ’όντος
689 3486 870 3556 κινηθήσεται
888 3485 934 3539 καί
952 3483 1038 3540 έκεῖνο
1056 3485 1106 3540 ὑπὸ
1123 3482 1209 3541 ἄλλου
1223 3485 1413 3563 έτεροκινήτου

287 3585 332 3639 καὶ
346 3584 435 3647 οὕτως
451 3582 492 3639 ἐπ’
509 3581 661 3662 ἀπειρον,ή
681 3581 773 3656 κύκλῳ
793 3580 906 3653 άλληλα
924 3584 1028 3653 κινήσει
1047 3583 1080 3638 τά
1100 3583 1273 3661 έτεροκίνητα
1289 3582 1359 3638 ὥστε
1381 3585 1412 3639 τὸ

287 3687 395 3761 πρῶτον
412 3681 496 3739 πάλιν
517 3683 567 3737 ὑπὸ
582 3687 629 3737 τοῦ
645 3680 761 3761 ἐσχάτου
776 3683 913 3756 κινεῖσθαι,
930 3681 961 3752 ἢ,
979 3681 1002 3737 εί
1018 3679 1164 3760 μηδέτερον
1182 3680 1287 3737 τούτων
1301 3679 1412 3738 δυνατὸν

286 3782 463 3861 τῶντρόπων
484 3781 641 3852 ὑποστῆναι,
658 3779 762 3857 ἀνάγκη
779 3779 809 3834 τὸ
825 3778 1001 3850 αὐτοκίνητον
1015 3781 1207 3858 προηγεῖσθαι.
1224 3776 1286 3835 Ὅτι
1302 3780 1351 3854 μὲν
1365 3779 1412 3837 οὗν

317 4005 332 4056 2
349 4005 440 4070 ίφαοεν
455 4005 510 4062 103,
525 4002 556 4052 22
619 4002 651 4054 19
667 4005 842 4070 Ἀριστοτέλης
856 4004 885 4053 in
898 4002 1009 4054 Ethicis
1072 4002 1102 4053 23
1120 4003 1180 4066 Ley.
1198 4004 1224 4054 X
1237 4003 1284 4056 896
1302 4004 1323 4054 E

319 4140 380 4191 T1T
403 4140 434 4191 19
450 4143 506 4207 περὶ
524 4148 567 4203 τῆς
588 4136 712 4203 δοκούσης
734 4144 868 4206 διαφωνίας
894 4142 1085 4208 Ἀριστοτέλους
1106 4144 1148 4192 καὶ
1171 4141 1308 4201 Πλάτωνος
1329 4147 1355 4194 έν
1376 4154 1411 4212 τῷ

288 4215 408 4264 κινεῖσθαι
421 4211 465 4276 τὴν
482 4209 566 4278 ψυχὴν
581 4210 601 4260 C
664 4210 695 4260 22
710 4214 773 4269 τίνες
786 4210 896 4274 κινήσεις
912 4215 995 4277 ψυχῆς
1010 4212 1075 4264 κατά
1091 4211 1215 4264 Πλάτωνα
1228 4213 1249 4262 C

319 4347 367 4399 Nc
387 4349 401 4397 3
420 4347 549 4399 emoti
569 4351 592 4397 Α
657 4349 724 4415 αὐτῷ
745 4348 774 4397 Μ
838 4347 891 4411 τὸν]
911 4349 939 4398 τῦ
960 4347 987 4396 Μ
1052 4348 1176 4414 minam]
1198 4347 1230 4400 αὗ
1251 4350 1294 4409 τὰς
1317 4350 1346 4399 Μ

285 4418 393 4480 9αῦτῆς
414 4418 441 4466 M
507 4422 569 4468 6-
586 4420 699 4475 τοιοῦτος
717 4417 810 4467 addidi
831 4416 903 4466 θιθ
965 4418 997 4467 15
1018 4421 1141 4484 λέγουσαν
1162 4419 1198 4470 δτι
1219 4419 1248 4468 Μ
1311 4420 1342 4469 16
1364 4422 1411 4488 ἐφ’]

286 4490 327 4554 ἀφ’
350 4489 377 4537 Μ
397 4488 434 4538 (εί.
452 4489 509 4545 100,
530 4489 561 4539 29
625 4488 655 4538 19
676 4487 743 4553 οὐδὲ]
763 4489 793 4540 οῦ
815 4489 843 4537 Μ
892 4487 940 4537 ι20
962 4490 1041 4554 φαμέν
1064 4493 1088 4539 Α
1151 4491 1182 4540 22
1204 4492 1322 4554 σωματδν
1343 4505 1361 4542 a
1383 4504 1413 4548 ut

284 4560 392 4612 videtur
454 4561 485 4610 24
502 4560 630 4612 θάλασσαν
649 4560 677 4608 Μ
741 4559 773 4609 26
791 4560 934 4627 θάρσουσαν
956 4560 984 4609 Μ
1049 4560 1080 4610 28
1098 4562 1150 4613 ’ἐστι
1167 4561 1206 4626 τὸ]
1227 4562 1293 4613 ίστιν
1308 4564 1346 4612 Α*

283 4632 315 4682 29
330 4629 384 4696 ἦτοι
397 4632 471 4684 πάλιν
485 4634 559 4682 τοῦτο
574 4644 628 4681 om.
645 4630 683 4688 M,
700 4630 827 4682 sedante
844 4632 892 4682 ὑπὸ
907 4629 969 4682 add·
982 4635 1056 4684 τοῦτο
1070 4632 1085 4696 ἢ
