3164 5512
304 505 351 556 228
689 493 828 545 EPMEIOl'
850 494 1045 546 ΦΙΛΟΣΟΦΟΥ

203 660 271 727 [185]
344 653 409 735 ρνε’.
430 654 488 711 ’λθι
510 653 547 726 δή
572 677 627 728 μοι
649 653 825 733 ἀνάγνωθι]
848 655 905 712 262
929 654 968 713 D.

204 809 231 859 p.
239 795 285 846 186
342 791 394 849 Δύο
411 791 511 868 λόγους
527 790 653 867 βούλεται
666 785 844 869 παραύαλεῐν,
862 792 909 847 τὸν
924 795 971 846 τοῦ
987 791 1087 848 λυσίου
1101 793 1146 847 καὶ
1163 791 1168 869 Ι
1187 793 1234 848 τὸν
1248 793 1358 851 ἑαυτοῦ.
1377 791 1428 849 Καὶ

302 891 348 947 τὸν
367 891 467 946 Λυσίου
486 887 532 945 ἀπ’
551 889 635 960 αύτῆς
655 897 706 960 τῆς
726 889 813 968 ἀρχῆς
832 888 950 968 ἐλέγχει·
972 889 1022 945 ούκ
1039 882 1216 970 ἐπεξέρχεται
1230 888 1260 947 δὲ
1280 898 1347 947 πᾶσι
1367 896 1428 954 τοῖς

301 987 425 1068 ἐλέγχοις
438 989 474 1051 ὡς
487 985 644 1067 φιλόσοφος·
660 985 759 1066 ἐχθροῦ
772 987 823 1065 γὰρ
834 988 869 1056 ἦν
882 988 913 1042 τδ
924 988 1013 1044 πάντα
1025 989 1188 1068 μέμφεσθαι.
1203 994 1255 1045 Νῦν
1267 987 1296 1045 δὲ
1308 984 1428 1053 ένδειίέ·

254 1093 268 1140 5
302 1108 383 1162 μενος
400 1085 478 1164 ὀλίγα
491 1086 649 1160 πταίσματα
661 1091 710 1141 τοῦ
727 1084 823 1163 λόγου,
840 1083 948 1166 ἔρχεται
963 1084 1004 1141 ἐπὶ
1022 1086 1068 1142 τὸν
1087 1088 1183 1143 έαυτου
1202 1084 1284 1163 λόγον
1303 1087 1426 1164 ύστερον.

300 1187 355 1256 Τὴν
380 1182 408 1240 δὲ
431 1184 519 1265 ἀρχὴν
539 1191 588 1240 τοῦ
611 1183 696 1261 λόγου
718 1181 839 1263 έλέγχει,
863 1181 954 1255 ἐπειδὴ
976 1185 1007 1240 τδ
1029 1183 1154 1265 ἔντεχνον
1175 1189 1222 1240 τού
1244 1182 1378 1261 λέγοντος
1401 1183 1428 1239 έν

300 1282 457 1363 προοιμίοις
480 1280 658 1362 διαφαίνεται·
682 1286 729 1337 τοῦ
750 1282 801 1360 γὰρ
821 1282 921 1344 παντὸς
942 1280 1027 1360 λόγου
1046 1285 1064 1353 ἡ
1085 1280 1198 1356 δύναμις
1219 1281 1246 1338 έν
1267 1282 1429 1360 προοιμίοις

302 1380 385 1441 ἐστίν.

342 1513 407 1590 μνᾷ,
431 1508 499 1590 'Ap’
522 1508 577 1565 οὗν
600 1509 635 1566 ού
656 1511 753 1566 παντί
775 1508 889 1586 δῆλον]
913 1512 972 1568 263
994 1511 1031 1569 Α.

241 1653 272 1704 10
343 1646 404 1705 Ὅτι
422 1647 474 1704 ἀπὸ
496 1654 546 1717 τῆς
566 1647 655 1726 ἀρχῆς
675 1645 844 1727 διαφαίνεται
859 1649 873 1702 δ
888 1647 985 1704 Λυσίου
1004 1646 1086 1724 λόγος
1104 1645 1227 1727 ἄτεχνος,
1243 1648 1288 1704 καὶ
1304 1647 1429 1728 ἀτέχνως

303 1747 462 1825 μετέρχεται
474 1744 506 1801 τί
520 1751 571 1814 τῆς
585 1743 749 1815 ὑποθέσεως,
762 1742 861 1814 δῆλον·
879 1750 986 1824 πρῶτον
1001 1746 1113 1823 μὲνγὰρ
1129 1742 1222 1816 ἐπειδὴ
1234 1751 1290 1801 τῶν
1303 1745 1430 1823 πραγμύ·

301 1865 356 1899 των
371 1843 404 1898 τδι
420 1843 468 1917 μέν
483 1840 551 1898 ἐστιν
566 1840 646 1913 ἁπλᾶ,
665 1842 697 1897 τὰ
713 1838 740 1896 δὲ
755 1836 909 1920 ἀμφίόολα,
926 1839 980 1898 έδει
999 1841 1079 1897 αύτδν
1099 1839 1196 1899 διελεῖν
1219 1843 1249 1898 τὸ
1271 1837 1432 1922 ἄμφίύολον

302 1939 388 2016 όνομα
402 1946 450 1997 τοῦ
465 1938 576 2019 ἔρωτος,
592 1940 637 1995 καὶ
652 1939 737 1996 εἰπεῖν
751 1940 818 1995 κατδι
834 1940 916 1996 ποίου
931 1935 1030 2018 ἔρωτος
1047 1938 1119 2017 λέγει
1134 1942 1167 1997 τὰ
1181 1938 1326 2018 λεγόμενα,
1343 1961 1431 1996 κατα-

302 2038 507 2118 ριθμησάμενυν
522 2037 554 2093 τὰ
569 2037 759 2111 σημαινόμενα
772 2042 821 2093 τοῦ
834 2038 1007 2117 πράγματος,
1018 2037 1064 2095 ’ίνα
1077 2043 1168 2119 σαφῶς
1181 2044 1290 2116 γνῶμεν
1302 2039 1335 2094 τὸ
1349 2038 1433 2116 λεγό-

241 2146 270 2196 15
304 2158 394 2214 μενον.
412 2134 513 2193 Είδέναι
528 2133 556 2192 δὲ
570 2130 610 2191 δεῖ
625 2134 665 2191 ότι
681 2134 746 2190 αύτὸ
761 2135 808 2209 μὲν
821 2135 851 2192 τὸ
863 2143 985 2214 πρᾶγμα,
998 2137 1034 2202 ὡς
1045 2143 1092 2193 νῦν
1103 2138 1118 2193 δ
1130 2132 1208 2215 έρως,
1222 2136 1283 2202 τούς
1297 2135 1432 2199 ἐναντίους

304 2231 470 2300 ἐπιδέξασθαι
485 2233 613 2313 ὁρισμούς
629 2233 659 2290 ού
676 2231 785 2289 δύναται
801 2232 869 2312 (πῶς
882 2236 932 2313 γὰρ
945 2235 976 2290 τὸ
992 2234 1056 2291 αύτὸ
1070 2235 1116 2291 καί
1130 2233 1215 2291 καλὸν
1229 2235 1328 2309 καὶμὴ
1345 2232 1432 2291 καλὸν

304 2332 415 2390 δύναται
433 2331 528 2412 τίνας)
549 2332 617 2388 κατὰ
635 2329 725 2394 δετὰς
742 2331 894 2406 ὑπολήψεις
909 2332 956 2396 τὰς
969 2334 1030 2412 περί
1048 2332 1131 2389 αὐτοῦ
1145 2331 1258 2390 δυνατὸν
1277 2332 1342 2397 τούς
1358 2333 1433 2388 έναι·

303 2430 375 2495 τίους
396 2431 464 2487 εἶναι
485 2429 627 2508 ὁρισμούς.
648 2427 720 2484 Ἔδει
740 2426 787 2484 ούν
807 2428 886 2485 αὐτὸν
909 2429 994 2486 είπεῐν
1013 2428 1040 2485 τί
1059 2427 1114 2486 ἔστι
1132 2430 1162 2486 τὸ
1180 2426 1374 2509 προκείμενύθ,
1389 2429 1434 2485 ’ἱνα

304 2525 415 2609 ’ἔχωμεν
428 2528 527 2607 ἐρεῖσαι
541 2530 590 2598 τὴν
605 2524 723 2582 διάνοιαν
737 2527 805 2582 κατὰ
818 2526 892 2589 τίνος
908 2527 981 2607 φέρει
994 2528 1028 2583 τόι
1043 2525 1187 2606 λεγόμενα·
1204 2529 1235 2584 ού
1252 2527 1362 2585 δύναται
1381 2528 1433 2607 γὰρ
1511 2591 1517 2600 ,

242 2635 274 2685 20
306 2628 385 2697 ὀπὴν
400 2624 531 2696 ἀληθειαν
546 2625 652 2702 ἀγνοῶν
666 2625 716 2694 τὴν
731 2623 808 2703 φύσιν
822 2629 870 2679 τοῦ
887 2621 1043 2704 ἀμφιόόλου
1057 2623 1219 2704 πράγματος
1235 2623 1349 2700 είδέναιῂ
1360 2625 1433 2681 ὥστε

305 2723 409 2790 ύτόίει
424 2723 510 2800 λέγων
525 2722 614 2802 ῥητωρ
630 2721 734 2801 ὀφείλει
748 2721 890 2799 ἐγνωκέναι
904 2722 938 2796 τὰ
957 2723 1113 2801 πράγματα,
1133 2723 1247 2803 πότερον
1268 2723 1362 2794 ἁπλῆς
1382 2723 1433 2803 φύ-

306 2821 375 2886 σεώς
396 2821 462 2877 είσιν
482 2820 500 2891 ἢ
517 2816 706 2888 πολυπλόκου,
722 2818 768 2875 ’ίνα
782 2825 839 2882 τοῖς
853 2817 950 2891 δηλοις
968 2817 1070 2885 ἁπλοῦς
1084 2821 1147 2884 τούς
1164 2820 1262 2898 λόγους
1276 2818 1357 2898 λέγη,
1373 2826 1432 2881 τοῖς

308 2917 337 2976 δὲ
354 2917 491 2983 ποικίλοις
511 2919 690 2998 ἁρμόζοντας.
709 2916 736 2973 '0
751 2918 802 2997 γὰρ
819 2919 856 2991 μὴ
874 2916 953 2981 είδῶς
969 2918 1002 2974 τὰ
1019 2902 1147 2989 τοιαῦτα,
1160 2917 1216 2975 οὐδ’
1230 2917 1262 2974 θν
1280 2924 1317 2995 τῷ
1333 2915 1434 2988 ἀληθεῖ

307 3018 456 3098 περιτύχῃ,
475 3015 581 3074 δύναται
596 3014 729 3095 διακρῖναι
744 3016 808 3072 αύτδ
825 3016 877 3072 ἀπὸ
892 3021 940 3072 τοῦ
961 3015 1086 3091 Ιίνεύδους.
1102 3012 1268 3097 ’Δμφιύύλου
1286 3015 1333 3072 ούν
1355 3012 1433 3078 ὄντος

247 3127 277 3177 25
310 3124 358 3173 τού
373 3113 470 3196 ’έρωτος
482 3116 527 3171 καὶ
542 3113 639 3171 διπλοῦ
654 3113 696 3171 διὰ
708 3115 756 3179 τὰς
772 3120 827 3170 τῶν
841 3112 949 3170 πολλῶν
965 3114 1129 3190 ύπολήψεις,
1146 3115 1253 3171 καὶτοῦ
1270 3115 1319 3189 μὲν
1334 3111 1432 3182 καλοῦ,

309 3221 356 3272 τού
380 3212 409 3283 δὲ
432 3213 559 3294 αίοχρού,
583 3215 623 3288 ,μὴ
650 3211 835 3291 διορισάμενος
859 3214 920 3292 περὶ
945 3212 1025 3269 ποίου
1052 3212 1137 3290 λέγει,
1165 3213 1254 3292 ἀσαφῆ
1281 3213 1327 3268 τὸν
1351 3209 1434 3289 λόγον

311 3312 432 3385 ἐποίησε·
448 3313 492 3368 καὶ
506 3309 621 3368 ἄτακτον
637 3309 675 3380 δὲ,
693 3308 786 3381 ἐπειδὴ
802 3311 855 3367 ἀπὸ
869 3316 923 3367 τῶν
939 3310 1056 3391 ύστέρων
1075 3307 1187 3390 ἤρξατο,
1204 3311 1218 3366 ’ύ
1235 3308 1335 3385 μέλλει
1354 3328 1435 3387 εγκα·

311 3409 368 3468 λεῖν
386 3416 424 3489 τῷ
443 3403 528 3488 λόγῳ,
547 3410 593 3465 καί
611 3409 825 3483 ἀνοικονόμητον
847 3408 984 3482 ἐποίησεν.
1006 3408 1083 3488 Ὁρᾷς
1102 3408 1149 3465 ούν
1170 3409 1211 3465 ότι
1231 3409 1277 3464 καί
1299 3408 1436 3488 ὁριστικδν

313 3508 444 3587 βούλεται
468 3508 536 3564 εἶναι
559 3509 605 3564 τὸν
628 3508 729 3586 ῥήτορα
752 3507 797 3563 καί
825 3504 983 3587 διαιρετικὸν
1006 3507 1051 3562 καί
1077 3505 1168 3564 είδότα
1192 3507 1239 3570 τὰς
1263 3506 1354 3586 φύσεις
1380 3510 1436 3562 τῶν

251 3618 281 3667 30
312 3607 489 3688 πραγμάτων.

353 3739 419 3820 ρνζ’.
444 3740 691 3814 Ὀμσνοητικῶς
713 3733 844 3818 ἔχομεν]
867 3739 925 3798 263
947 3737 985 3797 Λ.

352 3884 414 3938 Οίον
428 3881 491 3938 όταν
503 3878 575 3938 είπω
587 3878 660 3936 λίθον
673 3880 691 3950 ἢ
705 3872 795 3951 ξύλον,
807 3879 904 3942 πάντες
917 3878 961 3936 ἐπὶ
969 3881 1002 3936 τὰ
1012 3879 1079 3936 αὐτὰ
1089 3878 1228 3958 φερόμεθα
1238 3877 1437 3942 ἀστασιάστως·

312 3984 372 4058 περὶ
388 3978 415 4035 δέ
433 3980 466 4034 τὰ
479 3977 569 4034 δίκαια
583 3978 628 4033 καί
644 3975 813 4057 συμφέροντα
826 3976 1018 4057 διαφερόμεθα,
1036 3976 1077 4034 διὰ
1089 3977 1119 4032 τὸ
1136 3978 1174 4051 μὴ
1189 3976 1293 4060 πάντας
1308 3977 1438 4053 ὁμογνω-

315 4083 408 4152 μονεῖν
422 4078 484 4154 περὶ
497 4077 596 4134 αύτῶν.
612 4076 716 4154 Τρόπον
731 4074 779 4131 υύν
794 4097 853 4131 τινα
868 4074 980 4131 ἐνταῦθα
992 4079 1042 4146 τὴν
1058 4075 1129 4145 ύλην
1148 4079 1198 4145 τῆς
1214 4073 1362 4152 ῥητορικῆς
1378 4073 1439 4130 ἐπι-

251 4190 280 4240 35
314 4174 425 4232 δεικνύει
438 4178 517 4248 ἡμῖν,
535 4175 574 4231 δτι
589 4174 649 4252 περὶ
664 4174 697 4229 τὰ
712 4168 852 4254 ἁμφίόολα
868 4170 901 4254 έχ
904 4193 927 4231 ει
940 4173 971 4230 τὸ
987 4173 1067 4232 εἶναι.

345 4332 406 4383 TIT
422 4333 437 4381 7
454 4336 544 4391 παντός
564 4330 633 4392 (cod.
652 4331 753 4396 πατρὸς)
767 4333 843 4394 λόγον
861 4333 877 4393 ἡ
892 4327 994 4394 δύναμις
1009 4310 1037 4380 έν
1046 4333 1188 4395 προοιμίοις
1202 4333 1267 4380 ἐστίν
1283 4329 1305 4378 C
1384 4384 1387 4391 ,

345 4449 391 4499 Nc
409 4450 422 4498 l
439 4452 479 4499 ἴθι.
494 4449 588 4498 ἵιιιθτ.
601 4452 623 4495 Α
688 4447 703 4497 2
721 4447 892 4512 [παραβαλεῖν
904 4461 919 4495 a
934 4448 960 4497 in
978 4460 1063 4511 marg.
1076 4458 1083 4496 t
1096 4450 1250 4513 παραλαόείν
1262 4448 1301 4496 A·
1312 4451 1341 4496 et
1354 4441 1441 4498 oetetl

374 4516 612 4586 9ἆρ’,σίι·ιιί)τ.Α
676 4517 1038 4584 ῙΟόλόγοςτούΛυσίουΜ
1102 4517 1255 4582 22λίγοιΛ
1319 4515 1441 4584 24περι·

312 4587 385 4657 τύχοι
402 4591 464 4640 libri
527 4588 556 4640 31
574 4595 753 4652 ὁμονοητικῶς,
770 4593 783 4639 ό
798 4590 871 4639 rubr.
887 4589 926 4640 A:
946 4588 1089 4653 όμονοήτως
1104 4587 1126 4638 Ε
1141 4603 1147 4638 ;
1164 4588 1194 4640 ού
1211 4593 1287 4653 μόνον
1302 4598 1441 4653 ποιητικῶς

314 4663 384 4713 plat.
401 4662 508 4714 cod.B
572 4661 603 4710 32
625 4662 826 4719 αστοισισιστικὼς
848 4661 877 4710 Μ
942 4661 972 4710 35
993 4657 1099 4711 δεικνύει
1121 4658 1173 4710 ΕΜ
