<?xml version="1.0" encoding="UTF-8"?>
<!DOCTYPE html PUBLIC "-//W3C//DTD XHTML 1.0 Transitional//EN"
    "http://www.w3.org/TR/xhtml1/DTD/xhtml1-transitional.dtd">
<html xmlns="http://www.w3.org/1999/xhtml" xml:lang="en" lang="en">
 <head>
  <title>
</title>
<meta http-equiv="Content-Type" content="text/html;charset=utf-8" />
  <meta name='ocr-system' content='tesseract 3.04.00' />
  <meta name='ocr-capabilities' content='ocr_page ocr_carea ocr_par ocr_line ocrx_word'/>
</head>
<body>
  <div class='ocr_page' id='page_1' title='image "./hermiaealexandr00alexgoog_0306.png"; bbox 0 0 3164 5512; ppageno 0'>
   <div class='ocr_carea' id='block_1_1' title="bbox 413 419 1295 478">
    <p class='ocr_par' dir='ltr' id='par_1_1' title="bbox 413 419 1295 478">
     <span class='ocr_line' id='line_1_1' title="bbox 413 419 1295 478; baseline -0.007 -4"><span class='ocrx_word' id='word_1_1' title='bbox 413 425 467 474; x_wconf 81' lang='grc' dir='ltr'>ΕΙΣ</span> <span class='ocrx_word' id='word_1_2' title='bbox 489 424 549 474; x_wconf 81' lang='lat' dir='ltr'>TON</span> <span class='ocrx_word' id='word_1_3' title='bbox 572 423 749 474; x_wconf 77' lang='grc' dir='ltr'>ΠΛΑΤΩΝΟΣ</span> <span class='ocrx_word' id='word_1_4' title='bbox 771 421 913 472; x_wconf 70' lang='grc' dir='ltr'><strong>ΦΛΙΔΡΟΝ</strong></span> <span class='ocrx_word' id='word_1_5' title='bbox 937 419 1058 469; x_wconf 72' lang='grc' dir='ltr'><strong>ΣΧΟΛΙΑ</strong></span> <span class='ocrx_word' id='word_1_6' title='bbox 1249 427 1295 478; x_wconf 77' lang='grc'>233</span> 
     </span>
    </p>
   </div>
   <div class='ocr_carea' id='block_1_2' title="bbox 83 574 886 660">
    <p class='ocr_par' dir='ltr' id='par_1_2' title="bbox 83 574 886 660">
     <span class='ocr_line' id='line_1_2' title="bbox 83 574 886 660; baseline -0.001 -25"><span class='ocrx_word' id='word_1_7' title='bbox 83 582 150 649; x_wconf 76' lang='grc'>[188]</span> <span class='ocrx_word' id='word_1_8' title='bbox 216 575 283 658; x_wconf 80' lang='grc' dir='ltr'>ροδ.</span> <span class='ocrx_word' id='word_1_9' title='bbox 309 575 501 660; x_wconf 70' lang='grc' dir='ltr'>Ἀφροδίτης</span> <span class='ocrx_word' id='word_1_10' title='bbox 523 578 576 632; x_wconf 80' lang='grc' dir='ltr'>καί</span> <span class='ocrx_word' id='word_1_11' title='bbox 597 574 746 655; x_wconf 81' lang='grc' dir='ltr'>Ἔρωτος]</span> <span class='ocrx_word' id='word_1_12' title='bbox 770 577 828 634; x_wconf 84' lang='grc'><strong>265</strong></span> <span class='ocrx_word' id='word_1_13' title='bbox 850 575 886 634; x_wconf 83' lang='grc' dir='ltr'>Β.</span> 
     </span>
    </p>
   </div>
   <div class='ocr_carea' id='block_1_3' title="bbox 118 716 1363 1096">
    <p class='ocr_par' dir='ltr' id='par_1_3' title="bbox 215 716 1363 800">
     <span class='ocr_line' id='line_1_3' title="bbox 215 716 1363 800; baseline -0.003 -23"><span class='ocrx_word' id='word_1_14' title='bbox 215 719 322 791; x_wconf 80' lang='grc' dir='ltr'>Ἐπειδὴ</span> <span class='ocrx_word' id='word_1_15' title='bbox 335 724 353 792; x_wconf 81' lang='grc' dir='ltr'>ἡ</span> <span class='ocrx_word' id='word_1_16' title='bbox 368 718 510 800; x_wconf 77' lang='grc' dir='ltr'>Ἀρροδίτη</span> <span class='ocrx_word' id='word_1_17' title='bbox 527 726 576 776; x_wconf 77' lang='grc' dir='ltr'>τοῦ</span> <span class='ocrx_word' id='word_1_18' title='bbox 590 719 712 783; x_wconf 75' lang='grc' dir='ltr'>κάλλους</span> <span class='ocrx_word' id='word_1_19' title='bbox 726 716 806 788; x_wconf 83' lang='grc' dir='ltr'>ἔστιν,</span> <span class='ocrx_word' id='word_1_20' title='bbox 823 717 877 776; x_wconf 79' lang='grc' dir='ltr'>ὁδὶ</span> <span class='ocrx_word' id='word_1_21' title='bbox 889 718 977 798; x_wconf 81' lang='grc' dir='ltr'>Ἔρως</span> <span class='ocrx_word' id='word_1_22' title='bbox 993 718 1033 782; x_wconf 89' lang='grc' dir='ltr'>είς</span> <span class='ocrx_word' id='word_1_23' title='bbox 1045 718 1075 774; x_wconf 80' lang='grc' dir='ltr'>τὸ</span> <span class='ocrx_word' id='word_1_24' title='bbox 1090 716 1175 774; x_wconf 84' lang='grc' dir='ltr'>καλὸν</span> <span class='ocrx_word' id='word_1_25' title='bbox 1188 716 1293 795; x_wconf 81' lang='grc' dir='ltr'>ἀνάγει,</span> <span class='ocrx_word' id='word_1_26' title='bbox 1359 733 1363 740; x_wconf 82' lang='grc'>’</span> 
     </span>
    </p>

    <p class='ocr_par' dir='ltr' id='par_1_4' title="bbox 118 814 1293 996">
     <span class='ocr_line' id='line_1_4' title="bbox 118 814 1293 899; baseline -0.004 -22"><span class='ocrx_word' id='word_1_27' title='bbox 118 835 120 840; x_wconf 84' lang='grc'><em>“</em></span> <span class='ocrx_word' id='word_1_28' title='bbox 174 818 218 877; x_wconf 78' lang='grc' dir='ltr'>διά</span> <span class='ocrx_word' id='word_1_29' title='bbox 234 825 314 876; x_wconf 82' lang='grc' dir='ltr'>τοῦτο</span> <span class='ocrx_word' id='word_1_30' title='bbox 334 820 349 875; x_wconf 87' lang='grc' dir='ltr'>δ</span> <span class='ocrx_word' id='word_1_31' title='bbox 367 819 454 899; x_wconf 79' lang='grc' dir='ltr'>Ἔρως</span> <span class='ocrx_word' id='word_1_32' title='bbox 474 827 523 890; x_wconf 78' lang='grc' dir='ltr'>τῆς</span> <span class='ocrx_word' id='word_1_33' title='bbox 545 817 702 898; x_wconf 74' lang='grc' dir='ltr'>Ἀφροδίτης</span> <span class='ocrx_word' id='word_1_34' title='bbox 723 814 779 874; x_wconf 86' lang='grc' dir='ltr'>ἐστι</span> <span class='ocrx_word' id='word_1_35' title='bbox 797 818 842 875; x_wconf 88' lang='grc' dir='ltr'>καί</span> <span class='ocrx_word' id='word_1_36' title='bbox 861 815 955 875; x_wconf 72' lang='grc' dir='ltr'>’ἕπεται</span> <span class='ocrx_word' id='word_1_37' title='bbox 974 817 1055 893; x_wconf 79' lang='grc' dir='ltr'>αὐτῇ,</span> <span class='ocrx_word' id='word_1_38' title='bbox 1076 816 1184 895; x_wconf 78' lang='grc' dir='ltr'>ἀνάγων</span> <span class='ocrx_word' id='word_1_39' title='bbox 1204 817 1241 879; x_wconf 86' lang='grc' dir='ltr'>είς</span> <span class='ocrx_word' id='word_1_40' title='bbox 1262 816 1293 872; x_wconf 86' lang='grc' dir='ltr'>τὸ</span> 
     </span>
     <span class='ocr_line' id='line_1_5' title="bbox 172 912 1292 996; baseline -0.004 -21"><span class='ocrx_word' id='word_1_41' title='bbox 172 917 276 981; x_wconf 87' lang='grc' dir='ltr'>κάλλος</span> <span class='ocrx_word' id='word_1_42' title='bbox 289 919 320 974; x_wconf 87' lang='grc' dir='ltr'>τὸ</span> <span class='ocrx_word' id='word_1_43' title='bbox 336 918 462 989; x_wconf 82' lang='grc' dir='ltr'>αἰσθητὸν</span> <span class='ocrx_word' id='word_1_44' title='bbox 476 917 522 973; x_wconf 85' lang='grc' dir='ltr'>καὶ</span> <span class='ocrx_word' id='word_1_45' title='bbox 539 916 648 988; x_wconf 82' lang='grc' dir='ltr'>νοητόν.</span> <span class='ocrx_word' id='word_1_46' title='bbox 665 916 789 995; x_wconf 86' lang='grc' dir='ltr'>Λέγομιν</span> <span class='ocrx_word' id='word_1_47' title='bbox 805 915 850 973; x_wconf 84' lang='grc' dir='ltr'>οὗν</span> <span class='ocrx_word' id='word_1_48' title='bbox 868 917 915 973; x_wconf 80' lang='grc' dir='ltr'>τὸν</span> <span class='ocrx_word' id='word_1_49' title='bbox 934 915 1038 996; x_wconf 82' lang='grc' dir='ltr'>Ἔρωτα</span> <span class='ocrx_word' id='word_1_50' title='bbox 1057 915 1134 973; x_wconf 59' lang='grc' dir='ltr'>θείαν</span> <span class='ocrx_word' id='word_1_51' title='bbox 1154 915 1252 990; x_wconf 91' lang='grc' dir='ltr'>μανίαν</span> <span class='ocrx_word' id='word_1_52' title='bbox 1266 912 1292 980; x_wconf 76' lang='grc' dir='ltr'>ἐξ</span> 
     </span>
    </p>

    <p class='ocr_par' dir='ltr' id='par_1_5' title="bbox 127 1012 1292 1096">
     <span class='ocr_line' id='line_1_6' title="bbox 127 1012 1292 1096; baseline -0.001 -23"><span class='ocrx_word' id='word_1_53' title='bbox 127 1025 141 1073; x_wconf 85' lang='grc'><strong>5</strong></span> <span class='ocrx_word' id='word_1_54' title='bbox 174 1018 352 1091; x_wconf 71' lang='grc' dir='ltr'>ἀναμνήσεως</span> <span class='ocrx_word' id='word_1_55' title='bbox 365 1020 420 1072; x_wconf 90' lang='grc' dir='ltr'>τῶν</span> <span class='ocrx_word' id='word_1_56' title='bbox 436 1016 570 1086; x_wconf 75' lang='grc' dir='ltr'>αἰσθητῶν</span> <span class='ocrx_word' id='word_1_57' title='bbox 581 1015 677 1072; x_wconf 90' lang='grc' dir='ltr'>καλῶν</span> <span class='ocrx_word' id='word_1_58' title='bbox 690 1015 727 1079; x_wconf 91' lang='grc' dir='ltr'>είς</span> <span class='ocrx_word' id='word_1_59' title='bbox 738 1014 887 1090; x_wconf 79' lang='grc' dir='ltr'>ἀνάμνησιν</span> <span class='ocrx_word' id='word_1_60' title='bbox 899 1013 1052 1096; x_wconf 73' lang='grc' dir='ltr'>ἐρχομένην</span> <span class='ocrx_word' id='word_1_61' title='bbox 1066 1021 1114 1070; x_wconf 72' lang='grc' dir='ltr'>τοῦ</span> <span class='ocrx_word' id='word_1_62' title='bbox 1128 1012 1292 1072; x_wconf 75' lang='grc' dir='ltr'>αὐτοκάλου.</span> 
     </span>
    </p>
   </div>
   <div class='ocr_carea' id='block_1_4' title="bbox 214 1168 1004 1251">
    <p class='ocr_par' dir='ltr' id='par_1_6' title="bbox 214 1168 1004 1251">
     <span class='ocr_line' id='line_1_7' title="bbox 214 1168 1004 1251; baseline -0.003 -22"><span class='ocrx_word' id='word_1_63' title='bbox 214 1172 280 1251; x_wconf 91' lang='grc' dir='ltr'>ροε’.</span> <span class='ocrx_word' id='word_1_64' title='bbox 304 1173 362 1228; x_wconf 78' lang='grc' dir='ltr'>Καὶ</span> <span class='ocrx_word' id='word_1_65' title='bbox 383 1171 442 1227; x_wconf 78' lang='grc' dir='ltr'>οὐκ</span> <span class='ocrx_word' id='word_1_66' title='bbox 463 1169 527 1228; x_wconf 79' lang='grc' dir='ltr'>οἷδ’</span> <span class='ocrx_word' id='word_1_67' title='bbox 550 1172 614 1246; x_wconf 80' lang='grc' dir='ltr'>δπη</span> <span class='ocrx_word' id='word_1_68' title='bbox 636 1172 672 1228; x_wconf 78' lang='grc' dir='ltr'>τὸ</span> <span class='ocrx_word' id='word_1_69' title='bbox 696 1168 864 1250; x_wconf 85' lang='grc' dir='ltr'>ἐρωτικόν]</span> <span class='ocrx_word' id='word_1_70' title='bbox 888 1170 945 1228; x_wconf 84' lang='grc'><strong>265</strong></span> <span class='ocrx_word' id='word_1_71' title='bbox 969 1169 1004 1227; x_wconf 83' lang='grc' dir='ltr'>Β.</span> 
     </span>
    </p>
   </div>
   <div class='ocr_carea' id='block_1_5' title="bbox 73 1307 1295 1687">
    <p class='ocr_par' dir='ltr' id='par_1_7' title="bbox 212 1307 1294 1392">
     <span class='ocr_line' id='line_1_8' title="bbox 212 1307 1294 1392; baseline -0.003 -23"><span class='ocrx_word' id='word_1_72' title='bbox 212 1314 293 1369; x_wconf 84' lang='grc' dir='ltr'>ΙἘνθα</span> <span class='ocrx_word' id='word_1_73' title='bbox 307 1311 399 1391; x_wconf 87' lang='grc' dir='ltr'>ἐλεγεν</span> <span class='ocrx_word' id='word_1_74' title='bbox 415 1337 428 1367; x_wconf 82' lang='grc' dir='ltr'>ιι</span> <span class='ocrx_word' id='word_1_75' title='bbox 444 1312 531 1370; x_wconf 85' lang='grc' dir='ltr'>ἐοικὲ</span> <span class='ocrx_word' id='word_1_76' title='bbox 544 1336 588 1387; x_wconf 88' lang='grc' dir='ltr'>τῳ</span> <span class='ocrx_word' id='word_1_77' title='bbox 603 1312 640 1385; x_wconf 77' lang='grc' dir='ltr'>δὴ</span> <span class='ocrx_word' id='word_1_78' title='bbox 658 1309 813 1392; x_wconf 73' lang='grc' dir='ltr'>ξυμρύτῳ</span> <span class='ocrx_word' id='word_1_79' title='bbox 828 1311 975 1386; x_wconf 79' lang='grc' dir='ltr'>δυνάμει,</span> <span class='ocrx_word' id='word_1_80' title='bbox 995 1335 1008 1365; x_wconf 83' lang='grc' dir='ltr'>ι)</span> <span class='ocrx_word' id='word_1_81' title='bbox 1028 1312 1073 1367; x_wconf 86' lang='grc' dir='ltr'>καί</span> <span class='ocrx_word' id='word_1_82' title='bbox 1087 1311 1119 1367; x_wconf 87' lang='grc' dir='ltr'>τά</span> <span class='ocrx_word' id='word_1_83' title='bbox 1134 1307 1209 1381; x_wconf 68' lang='grc' dir='ltr'>ἑξῆς,</span> <span class='ocrx_word' id='word_1_84' title='bbox 1227 1310 1294 1366; x_wconf 85' lang='grc' dir='ltr'>θ’που</span> 
     </span>
    </p>

    <p class='ocr_par' dir='ltr' id='par_1_8' title="bbox 173 1405 1295 1491">
     <span class='ocr_line' id='line_1_9' title="bbox 173 1405 1295 1491; baseline -0.004 -24"><span class='ocrx_word' id='word_1_85' title='bbox 173 1411 254 1491; x_wconf 80' lang='grc' dir='ltr'>πτερά</span> <span class='ocrx_word' id='word_1_86' title='bbox 266 1411 310 1467; x_wconf 84' lang='grc' dir='ltr'>καί</span> <span class='ocrx_word' id='word_1_87' title='bbox 322 1417 381 1475; x_wconf 84' lang='grc' dir='ltr'>τοῖς</span> <span class='ocrx_word' id='word_1_88' title='bbox 393 1410 485 1475; x_wconf 70' lang='grc' dir='ltr'>’ίπποις</span> <span class='ocrx_word' id='word_1_89' title='bbox 497 1412 543 1467; x_wconf 85' lang='grc' dir='ltr'>καὶ</span> <span class='ocrx_word' id='word_1_90' title='bbox 555 1417 594 1485; x_wconf 84' lang='grc' dir='ltr'>τῷ</span> <span class='ocrx_word' id='word_1_91' title='bbox 606 1411 713 1491; x_wconf 76' lang='grc' dir='ltr'>ἡνιόχῳ</span> <span class='ocrx_word' id='word_1_92' title='bbox 727 1408 829 1480; x_wconf 77' lang='grc' dir='ltr'>ἐδίδου,</span> <span class='ocrx_word' id='word_1_93' title='bbox 843 1407 885 1467; x_wconf 78' lang='grc' dir='ltr'>διά</span> <span class='ocrx_word' id='word_1_94' title='bbox 899 1410 983 1483; x_wconf 71' lang='grc' dir='ltr'>μόθου</span> <span class='ocrx_word' id='word_1_95' title='bbox 997 1409 1067 1473; x_wconf 77' lang='grc' dir='ltr'>τινὸς</span> <span class='ocrx_word' id='word_1_96' title='bbox 1079 1408 1122 1465; x_wconf 86' lang='grc' dir='ltr'>καί</span> <span class='ocrx_word' id='word_1_97' title='bbox 1134 1405 1295 1482; x_wconf 82' lang='grc' dir='ltr'>πλάσματος</span> 
     </span>
    </p>

    <p class='ocr_par' dir='ltr' id='par_1_9' title="bbox 73 1504 1294 1687">
     <span class='ocr_line' id='line_1_10' title="bbox 73 1504 1294 1587; baseline 0 -25"><span class='ocrx_word' id='word_1_98' title='bbox 73 1527 98 1576; x_wconf 86' lang='lat' dir='ltr'>p.</span> <span class='ocrx_word' id='word_1_99' title='bbox 113 1513 159 1563; x_wconf 81' lang='lat'>189</span> <span class='ocrx_word' id='word_1_100' title='bbox 172 1511 206 1565; x_wconf 83' lang='grc' dir='ltr'>τὸ</span> <span class='ocrx_word' id='word_1_101' title='bbox 227 1509 383 1587; x_wconf 80' lang='grc' dir='ltr'>ἐρωτικὸν</span> <span class='ocrx_word' id='word_1_102' title='bbox 402 1509 505 1572; x_wconf 87' lang='grc' dir='ltr'>πάθος</span> <span class='ocrx_word' id='word_1_103' title='bbox 524 1509 725 1576; x_wconf 79' lang='grc' dir='ltr'>ἀπεικάζων</span> <span class='ocrx_word' id='word_1_104' title='bbox 747 1506 790 1565; x_wconf 76' lang='grc' dir='ltr'>διὰ</span> <span class='ocrx_word' id='word_1_105' title='bbox 809 1506 904 1577; x_wconf 75' lang='grc' dir='ltr'>δὲτὴν</span> <span class='ocrx_word' id='word_1_106' title='bbox 923 1508 1065 1585; x_wconf 88' lang='grc' dir='ltr'>άναγωγὸν</span> <span class='ocrx_word' id='word_1_107' title='bbox 1085 1504 1197 1580; x_wconf 72' lang='grc' dir='ltr'>δύναμιν</span> <span class='ocrx_word' id='word_1_108' title='bbox 1219 1505 1224 1584; x_wconf 86' lang='grc' dir='ltr'>Ι</span> <span class='ocrx_word' id='word_1_109' title='bbox 1246 1510 1294 1562; x_wconf 78' lang='grc' dir='ltr'>τοῦ</span> 
     </span>
     <span class='ocr_line' id='line_1_11' title="bbox 111 1601 1294 1687; baseline -0.003 -23"><span class='ocrx_word' id='word_1_110' title='bbox 111 1619 141 1669; x_wconf 88' lang='grc'>10</span> <span class='ocrx_word' id='word_1_111' title='bbox 172 1608 290 1687; x_wconf 81' lang='grc' dir='ltr'>Ἔρωτος</span> <span class='ocrx_word' id='word_1_112' title='bbox 304 1613 414 1687; x_wconf 83' lang='grc' dir='ltr'>πτεροῖς</span> <span class='ocrx_word' id='word_1_113' title='bbox 430 1607 510 1664; x_wconf 86' lang='grc' dir='ltr'>αὐτὸν</span> <span class='ocrx_word' id='word_1_114' title='bbox 526 1607 666 1666; x_wconf 77' lang='grc' dir='ltr'>ἀπείκασε.</span> <span class='ocrx_word' id='word_1_115' title='bbox 683 1642 722 1651; x_wconf 94' lang='grc'>-</span> <span class='ocrx_word' id='word_1_116' title='bbox 736 1607 770 1663; x_wconf 83' lang='grc' dir='ltr'>Τὸ</span> <span class='ocrx_word' id='word_1_117' title='bbox 787 1604 815 1663; x_wconf 87' lang='grc' dir='ltr'>δέ</span> <span class='ocrx_word' id='word_1_118' title='bbox 830 1605 888 1662; x_wconf 84' lang='grc' dir='ltr'>οὐκ</span> <span class='ocrx_word' id='word_1_119' title='bbox 903 1604 967 1663; x_wconf 76' lang='grc' dir='ltr'>οἶδ’</span> <span class='ocrx_word' id='word_1_120' title='bbox 983 1605 1046 1682; x_wconf 80' lang='grc' dir='ltr'>δπῃ</span> <span class='ocrx_word' id='word_1_121' title='bbox 1066 1604 1154 1676; x_wconf 80' lang='grc' dir='ltr'>εἶπεν,</span> <span class='ocrx_word' id='word_1_122' title='bbox 1171 1601 1262 1674; x_wconf 75' lang='grc' dir='ltr'>ἐπειδὴ</span> <span class='ocrx_word' id='word_1_123' title='bbox 1279 1605 1294 1660; x_wconf 83' lang='grc' dir='ltr'>θ</span> 
     </span>
    </p>
   </div>
   <div class='ocr_carea' id='block_1_6' title="bbox 173 1702 753 1787">
    <p class='ocr_par' dir='ltr' id='par_1_10' title="bbox 173 1702 753 1787">
     <span class='ocr_line' id='line_1_12' title="bbox 173 1702 753 1787; baseline 0.003 -25"><span class='ocrx_word' id='word_1_124' title='bbox 173 1705 317 1762; x_wconf 79' lang='grc' dir='ltr'>ἐνθουσιῶν</span> <span class='ocrx_word' id='word_1_125' title='bbox 333 1707 442 1787; x_wconf 75' lang='grc' dir='ltr'>φέρεται</span> <span class='ocrx_word' id='word_1_126' title='bbox 457 1707 493 1772; x_wconf 83' lang='grc' dir='ltr'>ὡς</span> <span class='ocrx_word' id='word_1_127' title='bbox 508 1705 538 1762; x_wconf 87' lang='grc' dir='ltr'>θν</span> <span class='ocrx_word' id='word_1_128' title='bbox 552 1707 567 1762; x_wconf 89' lang='grc' dir='ltr'>θ</span> <span class='ocrx_word' id='word_1_129' title='bbox 582 1706 645 1771; x_wconf 60' lang='grc' dir='ltr'>θεὸς</span> <span class='ocrx_word' id='word_1_130' title='bbox 660 1702 753 1781; x_wconf 81' lang='grc' dir='ltr'>ἐθέλῃ.</span> 
     </span>
    </p>
   </div>
   <div class='ocr_carea' id='block_1_7' title="bbox 212 1871 1152 1957">
    <p class='ocr_par' dir='ltr' id='par_1_11' title="bbox 212 1871 1152 1957">
     <span class='ocr_line' id='line_1_13' title="bbox 212 1871 1152 1957; baseline -0.002 -24"><span class='ocrx_word' id='word_1_131' title='bbox 212 1880 279 1957; x_wconf 87' lang='grc' dir='ltr'>ρος’.</span> <span class='ocrx_word' id='word_1_132' title='bbox 303 1877 395 1940; x_wconf 88' lang='grc' dir='ltr'>Ἴσως</span> <span class='ocrx_word' id='word_1_133' title='bbox 420 1876 476 1950; x_wconf 83' lang='grc' dir='ltr'>μέν</span> <span class='ocrx_word' id='word_1_134' title='bbox 496 1876 644 1946; x_wconf 82' lang='grc' dir='ltr'>ἀληθοῦς</span> <span class='ocrx_word' id='word_1_135' title='bbox 666 1897 753 1940; x_wconf 90' lang='grc' dir='ltr'>τινος</span> <span class='ocrx_word' id='word_1_136' title='bbox 774 1871 1012 1956; x_wconf 72' lang='grc' dir='ltr'>ἐφαπτόμενοι]</span> <span class='ocrx_word' id='word_1_137' title='bbox 1035 1874 1093 1931; x_wconf 89' lang='grc'><strong>265</strong></span> <span class='ocrx_word' id='word_1_138' title='bbox 1117 1872 1152 1931; x_wconf 83' lang='grc' dir='ltr'>Β.</span> 
     </span>
    </p>
   </div>
   <div class='ocr_carea' id='block_1_8' title="bbox 66 2016 1293 2402">
    <p class='ocr_par' dir='ltr' id='par_1_12' title="bbox 211 2016 1293 2101">
     <span class='ocr_line' id='line_1_14' title="bbox 211 2016 1293 2101; baseline -0.003 -25"><span class='ocrx_word' id='word_1_139' title='bbox 211 2018 294 2078; x_wconf 79' lang='grc' dir='ltr'>Ὅταν</span> <span class='ocrx_word' id='word_1_140' title='bbox 313 2023 444 2100; x_wconf 75' lang='grc' dir='ltr'>περὶτῶν</span> <span class='ocrx_word' id='word_1_141' title='bbox 462 2025 570 2092; x_wconf 81' lang='grc' dir='ltr'>νοητῶν</span> <span class='ocrx_word' id='word_1_142' title='bbox 589 2021 634 2076; x_wconf 80' lang='grc' dir='ltr'>καί</span> <span class='ocrx_word' id='word_1_143' title='bbox 652 2019 737 2076; x_wconf 67' lang='grc' dir='ltr'>Βείων</span> <span class='ocrx_word' id='word_1_144' title='bbox 751 2019 918 2098; x_wconf 81' lang='grc' dir='ltr'>πραγμάτων</span> <span class='ocrx_word' id='word_1_145' title='bbox 934 2016 1136 2101; x_wconf 82' lang='grc' dir='ltr'>διαλεχθῶμεν.</span> <span class='ocrx_word' id='word_1_146' title='bbox 1152 2052 1190 2061; x_wconf 86' lang='lat'>—</span> <span class='ocrx_word' id='word_1_147' title='bbox 1210 2018 1244 2074; x_wconf 82' lang='grc' dir='ltr'>Τθ</span> <span class='ocrx_word' id='word_1_148' title='bbox 1264 2016 1293 2074; x_wconf 75' lang='grc' dir='ltr'>δὲ</span> 
     </span>
    </p>

    <p class='ocr_par' dir='ltr' id='par_1_13' title="bbox 172 2123 1293 2207">
     <span class='ocr_line' id='line_1_15' title="bbox 172 2123 1293 2207; baseline -0.004 -22"><span class='ocrx_word' id='word_1_149' title='bbox 172 2127 249 2194; x_wconf 87' lang='grc' dir='ltr'>ίσως</span> <span class='ocrx_word' id='word_1_150' title='bbox 275 2126 383 2185; x_wconf 72' lang='grc' dir='ltr'>δύναται</span> <span class='ocrx_word' id='word_1_151' title='bbox 408 2129 457 2203; x_wconf 75' lang='grc' dir='ltr'>μὶν</span> <span class='ocrx_word' id='word_1_152' title='bbox 480 2128 524 2184; x_wconf 89' lang='grc' dir='ltr'>καί</span> <span class='ocrx_word' id='word_1_153' title='bbox 548 2128 587 2191; x_wconf 88' lang='grc' dir='ltr'>ῶς</span> <span class='ocrx_word' id='word_1_154' title='bbox 610 2127 761 2207; x_wconf 77' lang='grc' dir='ltr'>μετριάζων</span> <span class='ocrx_word' id='word_1_155' title='bbox 786 2127 882 2183; x_wconf 84' lang='grc' dir='ltr'>είπεῖν·</span> <span class='ocrx_word' id='word_1_156' title='bbox 908 2124 990 2204; x_wconf 76' lang='grc' dir='ltr'>ἤγουν</span> <span class='ocrx_word' id='word_1_157' title='bbox 1016 2123 1059 2183; x_wconf 86' lang='grc' dir='ltr'>διά</span> <span class='ocrx_word' id='word_1_158' title='bbox 1078 2131 1158 2182; x_wconf 78' lang='grc' dir='ltr'>τοῦτο</span> <span class='ocrx_word' id='word_1_159' title='bbox 1180 2125 1293 2197; x_wconf 90' lang='grc' dir='ltr'>&lt;τὸ&gt;</span> 
     </span>
    </p>

    <p class='ocr_par' dir='ltr' id='par_1_14' title="bbox 66 2222 1292 2402">
     <span class='ocr_line' id='line_1_16' title="bbox 66 2222 1292 2303; baseline -0.001 -23"><span class='ocrx_word' id='word_1_160' title='bbox 66 2230 159 2281; x_wconf 72' lang='lat' dir='ltr'>1081v·</span> <span class='ocrx_word' id='word_1_161' title='bbox 170 2227 407 2294; x_wconf 81' lang='grc' dir='ltr'>ἀπεικάζοντες</span> <span class='ocrx_word' id='word_1_162' title='bbox 423 2227 454 2282; x_wconf 87' lang='grc' dir='ltr'>τὸ</span> <span class='ocrx_word' id='word_1_163' title='bbox 469 2224 546 2289; x_wconf 86' lang='grc' dir='ltr'>ίσως</span> <span class='ocrx_word' id='word_1_164' title='bbox 566 2225 650 2297; x_wconf 85' lang='grc' dir='ltr'>εἶπεν,</span> <span class='ocrx_word' id='word_1_165' title='bbox 667 2222 758 2295; x_wconf 74' lang='grc' dir='ltr'>ἐπειδὴ</span> <span class='ocrx_word' id='word_1_166' title='bbox 774 2231 845 2281; x_wconf 77' lang='grc' dir='ltr'>πάσα</span> <span class='ocrx_word' id='word_1_167' title='bbox 859 2227 877 2295; x_wconf 77' lang='grc' dir='ltr'>ἡ</span> <span class='ocrx_word' id='word_1_168' title='bbox 892 2226 951 2303; x_wconf 85' lang='grc' dir='ltr'>περί</span> <span class='ocrx_word' id='word_1_169' title='bbox 965 2227 1039 2298; x_wconf 71' lang='grc' dir='ltr'>ἡμᾶς</span> <span class='ocrx_word' id='word_1_170' title='bbox 1057 2224 1062 2302; x_wconf 78' lang='grc' dir='ltr'>Ι</span> <span class='ocrx_word' id='word_1_171' title='bbox 1081 2222 1199 2302; x_wconf 72' lang='grc' dir='ltr'>ἐνέργεια</span> <span class='ocrx_word' id='word_1_172' title='bbox 1214 2223 1292 2280; x_wconf 78' lang='grc' dir='ltr'>εἰκών</span> 
     </span>
     <span class='ocr_line' id='line_1_17' title="bbox 171 2322 588 2402; baseline -0.002 -21"><span class='ocrx_word' id='word_1_173' title='bbox 171 2324 240 2381; x_wconf 88' lang='grc' dir='ltr'>ἐστιν</span> <span class='ocrx_word' id='word_1_174' title='bbox 255 2322 362 2396; x_wconf 75' lang='grc' dir='ltr'>ἐκείνης</span> <span class='ocrx_word' id='word_1_175' title='bbox 377 2331 427 2393; x_wconf 82' lang='grc' dir='ltr'>τῆς</span> <span class='ocrx_word' id='word_1_176' title='bbox 441 2323 588 2402; x_wconf 84' lang='grc' dir='ltr'>ἐνεργείας.</span> 
     </span>
    </p>
   </div>
   <div class='ocr_carea' id='block_1_9' title="bbox 210 2471 1157 2556">
    <p class='ocr_par' dir='ltr' id='par_1_15' title="bbox 210 2471 1157 2556">
     <span class='ocr_line' id='line_1_18' title="bbox 210 2471 1157 2556; baseline -0.001 -24"><span class='ocrx_word' id='word_1_177' title='bbox 210 2478 277 2555; x_wconf 53' lang='grc' dir='ltr'>ροζζ</span> <span class='ocrx_word' id='word_1_178' title='bbox 301 2476 386 2556; x_wconf 84' lang='grc' dir='ltr'>Τάχα</span> <span class='ocrx_word' id='word_1_179' title='bbox 408 2473 437 2531; x_wconf 80' lang='grc' dir='ltr'>δ’</span> <span class='ocrx_word' id='word_1_180' title='bbox 458 2474 492 2531; x_wconf 81' lang='grc' dir='ltr'>ἂν</span> <span class='ocrx_word' id='word_1_181' title='bbox 512 2477 565 2531; x_wconf 82' lang='grc' dir='ltr'>καί</span> <span class='ocrx_word' id='word_1_182' title='bbox 588 2474 711 2533; x_wconf 87' lang='grc' dir='ltr'>άλλοσε</span> <span class='ocrx_word' id='word_1_183' title='bbox 732 2471 1017 2556; x_wconf 68' lang='grc' dir='ltr'>παραφερόμενοι]</span> <span class='ocrx_word' id='word_1_184' title='bbox 1039 2475 1097 2533; x_wconf 88' lang='grc'><strong>265</strong></span> <span class='ocrx_word' id='word_1_185' title='bbox 1120 2474 1157 2531; x_wconf 90' lang='grc' dir='ltr'>Β.</span> 
     </span>
    </p>
   </div>
   <div class='ocr_carea' id='block_1_10' title="bbox 106 2610 1375 3279">
    <p class='ocr_par' dir='ltr' id='par_1_16' title="bbox 210 2610 1290 2692">
     <span class='ocr_line' id='line_1_19' title="bbox 210 2610 1290 2692; baseline 0 -25"><span class='ocrx_word' id='word_1_186' title='bbox 210 2610 318 2681; x_wconf 81' lang='grc' dir='ltr'>Ἐπειδὴ</span> <span class='ocrx_word' id='word_1_187' title='bbox 340 2612 385 2667; x_wconf 90' lang='grc' dir='ltr'>καὶ</span> <span class='ocrx_word' id='word_1_188' title='bbox 406 2612 468 2669; x_wconf 83' lang='grc' dir='ltr'>τότε</span> <span class='ocrx_word' id='word_1_189' title='bbox 488 2614 535 2675; x_wconf 81' lang='grc' dir='ltr'>τάς</span> <span class='ocrx_word' id='word_1_190' title='bbox 558 2612 728 2676; x_wconf 82' lang='grc' dir='ltr'>άποπτώσεις</span> <span class='ocrx_word' id='word_1_191' title='bbox 749 2619 798 2669; x_wconf 76' lang='grc' dir='ltr'>τοῦ</span> <span class='ocrx_word' id='word_1_192' title='bbox 821 2610 920 2692; x_wconf 87' lang='grc' dir='ltr'>’ἐρωτος</span> <span class='ocrx_word' id='word_1_193' title='bbox 944 2613 1013 2671; x_wconf 87' lang='grc' dir='ltr'>είπε.</span> <span class='ocrx_word' id='word_1_194' title='bbox 1032 2611 1124 2668; x_wconf 84' lang='grc' dir='ltr'>-Τὸ</span> <span class='ocrx_word' id='word_1_195' title='bbox 1146 2610 1173 2668; x_wconf 81' lang='grc' dir='ltr'>δὶ</span> <span class='ocrx_word' id='word_1_196' title='bbox 1194 2612 1290 2691; x_wconf 87' lang='grc' dir='ltr'>κερά-</span> 
     </span>
    </p>

    <p class='ocr_par' dir='ltr' id='par_1_17' title="bbox 169 2707 1290 2791">
     <span class='ocr_line' id='line_1_20' title="bbox 169 2707 1290 2791; baseline -0.002 -23"><span class='ocrx_word' id='word_1_197' title='bbox 169 2732 286 2774; x_wconf 88' lang='grc' dir='ltr'>σαντες</span> <span class='ocrx_word' id='word_1_198' title='bbox 304 2711 351 2767; x_wconf 86' lang='grc' dir='ltr'>τὸν</span> <span class='ocrx_word' id='word_1_199' title='bbox 367 2707 457 2782; x_wconf 83' lang='grc' dir='ltr'>ἀληθῆ</span> <span class='ocrx_word' id='word_1_200' title='bbox 477 2708 559 2791; x_wconf 83' lang='grc' dir='ltr'>λόγον</span> <span class='ocrx_word' id='word_1_201' title='bbox 573 2707 656 2782; x_wconf 85' lang='grc' dir='ltr'>δηλοῖ</span> <span class='ocrx_word' id='word_1_202' title='bbox 671 2709 713 2767; x_wconf 79' lang='grc' dir='ltr'>διά</span> <span class='ocrx_word' id='word_1_203' title='bbox 727 2711 824 2768; x_wconf 69' lang='grc' dir='ltr'>τούτου</span> <span class='ocrx_word' id='word_1_204' title='bbox 837 2717 885 2767; x_wconf 76' lang='grc' dir='ltr'>τοῦ</span> <span class='ocrx_word' id='word_1_205' title='bbox 903 2713 1014 2786; x_wconf 82' lang='grc' dir='ltr'>μυθικοῦ</span> <span class='ocrx_word' id='word_1_206' title='bbox 1029 2709 1199 2784; x_wconf 89' lang='grc' dir='ltr'>πλάσματος·</span> <span class='ocrx_word' id='word_1_207' title='bbox 1213 2731 1290 2766; x_wconf 88' lang='grc' dir='ltr'>τουτ-</span> 
     </span>
    </p>

    <p class='ocr_par' dir='ltr' id='par_1_18' title="bbox 106 2805 1289 2890">
     <span class='ocr_line' id='line_1_21' title="bbox 106 2805 1289 2890; baseline 0.003 -30"><span class='ocrx_word' id='word_1_208' title='bbox 106 2811 137 2860; x_wconf 78' lang='grc'><strong>20</strong></span> <span class='ocrx_word' id='word_1_209' title='bbox 169 2809 223 2864; x_wconf 84' lang='grc' dir='ltr'>ἐστι</span> <span class='ocrx_word' id='word_1_210' title='bbox 245 2805 279 2863; x_wconf 88' lang='grc' dir='ltr'>δι’</span> <span class='ocrx_word' id='word_1_211' title='bbox 299 2808 433 2864; x_wconf 85' lang='grc' dir='ltr'>ὑπονοιῶν</span> <span class='ocrx_word' id='word_1_212' title='bbox 453 2809 486 2864; x_wconf 81' lang='grc' dir='ltr'>τά</span> <span class='ocrx_word' id='word_1_213' title='bbox 507 2809 566 2888; x_wconf 88' lang='grc' dir='ltr'>περί</span> <span class='ocrx_word' id='word_1_214' title='bbox 584 2814 632 2865; x_wconf 78' lang='grc' dir='ltr'>τοῦ</span> <span class='ocrx_word' id='word_1_215' title='bbox 655 2807 755 2887; x_wconf 86' lang='grc' dir='ltr'>ἐρωτος</span> <span class='ocrx_word' id='word_1_216' title='bbox 776 2810 893 2879; x_wconf 79' lang='grc' dir='ltr'>καὶτῆς</span> <span class='ocrx_word' id='word_1_217' title='bbox 915 2813 1007 2890; x_wconf 78' lang='grc' dir='ltr'>ψυχῆς</span> <span class='ocrx_word' id='word_1_218' title='bbox 1030 2805 1226 2886; x_wconf 86' lang='grc' dir='ltr'>διηγησάμενοι</span> <span class='ocrx_word' id='word_1_219' title='bbox 1245 2809 1289 2863; x_wconf 83' lang='grc' dir='ltr'>καί</span> 
     </span>
    </p>

    <p class='ocr_par' dir='ltr' id='par_1_19' title="bbox 168 2904 1288 2985">
     <span class='ocr_line' id='line_1_22' title="bbox 168 2904 1288 2985; baseline 0.001 -23"><span class='ocrx_word' id='word_1_220' title='bbox 168 2906 349 2980; x_wconf 84' lang='grc' dir='ltr'>ποιησάμενοι</span> <span class='ocrx_word' id='word_1_221' title='bbox 367 2908 417 2976; x_wconf 79' lang='grc' dir='ltr'>τὴν</span> <span class='ocrx_word' id='word_1_222' title='bbox 435 2905 571 2985; x_wconf 77' lang='grc' dir='ltr'>άιρηγησιν</span> <span class='ocrx_word' id='word_1_223' title='bbox 591 2904 633 2962; x_wconf 84' lang='grc' dir='ltr'>διὰ</span> <span class='ocrx_word' id='word_1_224' title='bbox 650 2908 742 2982; x_wconf 74' lang='grc' dir='ltr'>μύθων</span> <span class='ocrx_word' id='word_1_225' title='bbox 759 2909 804 2963; x_wconf 80' lang='grc' dir='ltr'>καί</span> <span class='ocrx_word' id='word_1_226' title='bbox 823 2907 996 2984; x_wconf 80' lang='grc' dir='ltr'>αἰνιγμάτων,</span> <span class='ocrx_word' id='word_1_227' title='bbox 1012 2906 1100 2985; x_wconf 86' lang='grc' dir='ltr'>ὥσπερ</span> <span class='ocrx_word' id='word_1_228' title='bbox 1119 2907 1164 2962; x_wconf 83' lang='grc' dir='ltr'>καί</span> <span class='ocrx_word' id='word_1_229' title='bbox 1182 2907 1208 2963; x_wconf 76' lang='grc' dir='ltr'>οἳ</span> <span class='ocrx_word' id='word_1_230' title='bbox 1223 2917 1288 2963; x_wconf 60' lang='grc' dir='ltr'>θεο-</span> 
     </span>
    </p>

    <p class='ocr_par' dir='ltr' id='par_1_20' title="bbox 170 3001 1375 3085">
     <span class='ocr_line' id='line_1_23' title="bbox 170 3001 1375 3085; baseline 0 -25"><span class='ocrx_word' id='word_1_231' title='bbox 170 3002 247 3081; x_wconf 84' lang='grc' dir='ltr'>λόγοι</span> <span class='ocrx_word' id='word_1_232' title='bbox 262 3001 305 3059; x_wconf 85' lang='grc' dir='ltr'>διὰ</span> <span class='ocrx_word' id='word_1_233' title='bbox 321 3004 413 3078; x_wconf 80' lang='grc' dir='ltr'>μύθων</span> <span class='ocrx_word' id='word_1_234' title='bbox 429 3004 462 3060; x_wconf 87' lang='grc' dir='ltr'>τά</span> <span class='ocrx_word' id='word_1_235' title='bbox 476 3010 530 3060; x_wconf 92' lang='grc' dir='ltr'>τῶν</span> <span class='ocrx_word' id='word_1_236' title='bbox 545 3009 619 3061; x_wconf 59' lang='grc' dir='ltr'>θεῶν</span> <span class='ocrx_word' id='word_1_237' title='bbox 633 3003 820 3083; x_wconf 74' lang='grc' dir='ltr'>διηγούμενοι.</span> <span class='ocrx_word' id='word_1_238' title='bbox 838 3039 877 3050; x_wconf 96' lang='grc'>-</span> <span class='ocrx_word' id='word_1_239' title='bbox 896 3005 1172 3085; x_wconf 85' lang='grc' dir='ltr'>Προσεπαίσαμεν</span> <span class='ocrx_word' id='word_1_240' title='bbox 1188 3002 1216 3060; x_wconf 77' lang='grc' dir='ltr'>δέ</span> <span class='ocrx_word' id='word_1_241' title='bbox 1230 3004 1288 3060; x_wconf 81' lang='grc' dir='ltr'>άντί</span> <span class='ocrx_word' id='word_1_242' title='bbox 1372 3004 1375 3010; x_wconf 54' lang='grc'>“</span> 
     </span>
    </p>

    <p class='ocr_par' dir='ltr' id='par_1_21' title="bbox 166 3099 1285 3279">
     <span class='ocr_line' id='line_1_24' title="bbox 166 3099 1285 3181; baseline 0.001 -24"><span class='ocrx_word' id='word_1_243' title='bbox 166 3107 215 3158; x_wconf 78' lang='grc' dir='ltr'>τοῦ</span> <span class='ocrx_word' id='word_1_244' title='bbox 231 3099 389 3176; x_wconf 79' lang='grc' dir='ltr'>ἐπαίξαμεν·</span> <span class='ocrx_word' id='word_1_245' title='bbox 407 3100 481 3179; x_wconf 87' lang='grc' dir='ltr'>λέγει</span> <span class='ocrx_word' id='word_1_246' title='bbox 496 3100 525 3157; x_wconf 80' lang='grc' dir='ltr'>δὲ</span> <span class='ocrx_word' id='word_1_247' title='bbox 539 3103 710 3178; x_wconf 78' lang='grc' dir='ltr'>ὑμνήσαμεν.</span> <span class='ocrx_word' id='word_1_248' title='bbox 727 3104 830 3159; x_wconf 87' lang='grc' dir='ltr'>-Τὸν</span> <span class='ocrx_word' id='word_1_249' title='bbox 847 3100 875 3159; x_wconf 81' lang='grc' dir='ltr'>δέ</span> <span class='ocrx_word' id='word_1_250' title='bbox 889 3103 996 3181; x_wconf 82' lang='grc' dir='ltr'>Ἔρωτα</span> <span class='ocrx_word' id='word_1_251' title='bbox 1015 3100 1180 3174; x_wconf 86' lang='grc' dir='ltr'>δεσπότην</span> <span class='ocrx_word' id='word_1_252' title='bbox 1199 3101 1285 3177; x_wconf 72' lang='grc' dir='ltr'>εἶπεν,</span> 
     </span>
     <span class='ocr_line' id='line_1_25' title="bbox 168 3198 1104 3279; baseline 0.005 -24"><span class='ocrx_word' id='word_1_253' title='bbox 168 3198 259 3269; x_wconf 73' lang='grc' dir='ltr'>ἐπειδὴ</span> <span class='ocrx_word' id='word_1_254' title='bbox 276 3201 290 3256; x_wconf 84' lang='grc' dir='ltr'><strong>ὁ</strong></span> <span class='ocrx_word' id='word_1_255' title='bbox 306 3199 449 3256; x_wconf 80' lang='grc' dir='ltr'>ἐνθουσιῶν</span> <span class='ocrx_word' id='word_1_256' title='bbox 464 3198 529 3256; x_wconf 79' lang='grc' dir='ltr'>ὅλον</span> <span class='ocrx_word' id='word_1_257' title='bbox 542 3201 637 3256; x_wconf 73' lang='grc' dir='ltr'>ἑαυτὸν</span> <span class='ocrx_word' id='word_1_258' title='bbox 652 3201 689 3265; x_wconf 83' lang='grc' dir='ltr'>ὡς</span> <span class='ocrx_word' id='word_1_259' title='bbox 702 3199 818 3278; x_wconf 80' lang='grc' dir='ltr'>δεσπότῃ</span> <span class='ocrx_word' id='word_1_260' title='bbox 833 3199 971 3258; x_wconf 84' lang='grc' dir='ltr'>ἐπιδίδωσι</span> <span class='ocrx_word' id='word_1_261' title='bbox 984 3207 1022 3279; x_wconf 83' lang='grc' dir='ltr'>τῷ</span> <span class='ocrx_word' id='word_1_262' title='bbox 1037 3206 1104 3278; x_wconf 60' lang='grc' dir='ltr'>θεῷ.</span> 
     </span>
    </p>
   </div>
   <div class='ocr_carea' id='block_1_11' title="bbox 104 3350 1286 3673">
    <p class='ocr_par' dir='ltr' id='par_1_22' title="bbox 104 3350 1286 3673">
     <span class='ocr_line' id='line_1_26' title="bbox 104 3350 852 3435; baseline 0.004 -26"><span class='ocrx_word' id='word_1_263' title='bbox 104 3353 135 3403; x_wconf 72' lang='grc'><strong>25</strong></span> <span class='ocrx_word' id='word_1_264' title='bbox 207 3351 278 3433; x_wconf 83' lang='grc' dir='ltr'>ροη’.</span> <span class='ocrx_word' id='word_1_265' title='bbox 303 3351 414 3410; x_wconf 81' lang='grc' dir='ltr'>Καλῶν</span> <span class='ocrx_word' id='word_1_266' title='bbox 435 3351 561 3410; x_wconf 88' lang='grc' dir='ltr'>παίδων</span> <span class='ocrx_word' id='word_1_267' title='bbox 582 3350 712 3435; x_wconf 73' lang='grc' dir='ltr'>ἐρορον]</span> <span class='ocrx_word' id='word_1_268' title='bbox 735 3354 793 3412; x_wconf 83' lang='grc'><strong>265</strong></span> <span class='ocrx_word' id='word_1_269' title='bbox 816 3353 852 3413; x_wconf 90' lang='lat' dir='ltr'>C.</span> 
     </span>
     <span class='ocr_line' id='line_1_27' title="bbox 207 3490 1286 3575; baseline -0.001 -26"><span class='ocrx_word' id='word_1_270' title='bbox 207 3492 235 3549; x_wconf 87' lang='lat'>‘0</span> <span class='ocrx_word' id='word_1_271' title='bbox 247 3494 299 3572; x_wconf 88' lang='grc' dir='ltr'>γάρ</span> <span class='ocrx_word' id='word_1_272' title='bbox 314 3493 399 3573; x_wconf 80' lang='grc' dir='ltr'>Ἔρως</span> <span class='ocrx_word' id='word_1_273' title='bbox 413 3499 467 3550; x_wconf 90' lang='grc' dir='ltr'>τῶν</span> <span class='ocrx_word' id='word_1_274' title='bbox 478 3496 603 3572; x_wconf 89' lang='grc' dir='ltr'>καθαρῶν</span> <span class='ocrx_word' id='word_1_275' title='bbox 613 3495 659 3550; x_wconf 83' lang='grc' dir='ltr'>καί</span> <span class='ocrx_word' id='word_1_276' title='bbox 669 3492 801 3552; x_wconf 84' lang='grc' dir='ltr'>νεοτελῶν</span> <span class='ocrx_word' id='word_1_277' title='bbox 816 3497 913 3575; x_wconf 75' lang='grc' dir='ltr'>ψυχῶν</span> <span class='ocrx_word' id='word_1_278' title='bbox 927 3493 1041 3572; x_wconf 78' lang='grc' dir='ltr'>ἡγεμών</span> <span class='ocrx_word' id='word_1_279' title='bbox 1056 3493 1123 3550; x_wconf 82' lang='grc' dir='ltr'>ἐστι·</span> <span class='ocrx_word' id='word_1_280' title='bbox 1137 3490 1180 3548; x_wconf 83' lang='grc' dir='ltr'>διὰ</span> <span class='ocrx_word' id='word_1_281' title='bbox 1193 3490 1221 3548; x_wconf 82' lang='grc' dir='ltr'>δέ</span> <span class='ocrx_word' id='word_1_282' title='bbox 1233 3495 1286 3548; x_wconf 90' lang='grc' dir='ltr'>τῶν</span> 
     </span>
     <span class='ocr_line' id='line_1_28' title="bbox 165 3586 800 3673; baseline 0.003 -26"><span class='ocrx_word' id='word_1_283' title='bbox 165 3590 270 3648; x_wconf 86' lang='grc' dir='ltr'>παίδων</span> <span class='ocrx_word' id='word_1_284' title='bbox 285 3593 315 3648; x_wconf 85' lang='grc' dir='ltr'>τὸ</span> <span class='ocrx_word' id='word_1_285' title='bbox 330 3593 445 3670; x_wconf 82' lang='grc' dir='ltr'>καθαρὸν</span> <span class='ocrx_word' id='word_1_286' title='bbox 461 3586 609 3656; x_wconf 78' lang='grc' dir='ltr'>ἐνεδείξατο</span> <span class='ocrx_word' id='word_1_287' title='bbox 623 3598 677 3648; x_wconf 91' lang='grc' dir='ltr'>τῶν</span> <span class='ocrx_word' id='word_1_288' title='bbox 693 3595 800 3673; x_wconf 74' lang='grc' dir='ltr'>ψυχῶν.</span> 
     </span>
    </p>
   </div>
   <div class='ocr_carea' id='block_1_12' title="bbox 207 3739 815 3823">
    <p class='ocr_par' dir='ltr' id='par_1_23' title="bbox 207 3739 815 3823">
     <span class='ocr_line' id='line_1_29' title="bbox 207 3739 815 3823; baseline 0.007 -27"><span class='ocrx_word' id='word_1_289' title='bbox 207 3743 274 3819; x_wconf 87' lang='grc' dir='ltr'>ροθ’.</span> <span class='ocrx_word' id='word_1_290' title='bbox 296 3739 375 3798; x_wconf 83' lang='grc' dir='ltr'>Τάδε</span> <span class='ocrx_word' id='word_1_291' title='bbox 396 3744 506 3798; x_wconf 90' lang='grc' dir='ltr'>τοίνυν</span> <span class='ocrx_word' id='word_1_292' title='bbox 527 3739 675 3823; x_wconf 80' lang='grc' dir='ltr'>αὐτόθεν]</span> <span class='ocrx_word' id='word_1_293' title='bbox 698 3743 756 3800; x_wconf 88' lang='grc'><strong>265</strong></span> <span class='ocrx_word' id='word_1_294' title='bbox 779 3739 815 3800; x_wconf 89' lang='lat' dir='ltr'>C.</span> 
     </span>
    </p>
   </div>
   <div class='ocr_carea' id='block_1_13' title="bbox 208 3875 1285 3961">
    <p class='ocr_par' dir='ltr' id='par_1_24' title="bbox 208 3875 1285 3961">
     <span class='ocr_line' id='line_1_30' title="bbox 208 3875 1285 3961; baseline -0.004 -25"><span class='ocrx_word' id='word_1_295' title='bbox 208 3879 337 3937; x_wconf 74' lang='grc' dir='ltr'>θοάλεται</span> <span class='ocrx_word' id='word_1_296' title='bbox 350 3879 391 3936; x_wconf 88' lang='grc' dir='ltr'>ἐπί</span> <span class='ocrx_word' id='word_1_297' title='bbox 405 3882 455 3950; x_wconf 72' lang='grc' dir='ltr'>τὴν</span> <span class='ocrx_word' id='word_1_298' title='bbox 467 3881 669 3960; x_wconf 84' lang='grc' dir='ltr'>άντιπαράθεσιν</span> <span class='ocrx_word' id='word_1_299' title='bbox 685 3881 776 3939; x_wconf 80' lang='grc' dir='ltr'>ἐλθεῖν</span> <span class='ocrx_word' id='word_1_300' title='bbox 791 3882 835 3938; x_wconf 88' lang='grc' dir='ltr'>καί</span> <span class='ocrx_word' id='word_1_301' title='bbox 849 3884 898 3952; x_wconf 72' lang='grc' dir='ltr'>τὴν</span> <span class='ocrx_word' id='word_1_302' title='bbox 909 3882 1045 3961; x_wconf 82' lang='grc' dir='ltr'>ὁριστικήν</span> <span class='ocrx_word' id='word_1_303' title='bbox 1059 3878 1104 3934; x_wconf 84' lang='grc' dir='ltr'>καί</span> <span class='ocrx_word' id='word_1_304' title='bbox 1120 3875 1285 3957; x_wconf 80' lang='grc' dir='ltr'>διαιρετικὴν</span> 
     </span>
    </p>
   </div>
   <div class='ocr_carea' id='block_1_14' title="bbox 196 4101 411 4165">
    <p class='ocr_par' dir='ltr' id='par_1_25' title="bbox 196 4101 411 4165">
     <span class='ocr_line' id='line_1_31' title="bbox 196 4101 411 4165; baseline -0.009 -14"><span class='ocrx_word' id='word_1_305' title='bbox 196 4102 211 4151; x_wconf 90' lang='grc'><strong>7</strong></span> <span class='ocrx_word' id='word_1_306' title='bbox 228 4103 310 4165; x_wconf 78' lang='grc' dir='ltr'>ἐλεγιν</span> <span class='ocrx_word' id='word_1_307' title='bbox 326 4101 373 4151; x_wconf 74' lang='grc'>246</span> <span class='ocrx_word' id='word_1_308' title='bbox 388 4104 411 4149; x_wconf 88' lang='grc' dir='ltr'>Α</span> 
     </span>
    </p>
   </div>
   <div class='ocr_carea' id='block_1_15' title="bbox 162 4222 1362 4639">
    <p class='ocr_par' dir='ltr' id='par_1_26' title="bbox 162 4222 1362 4639">
     <span class='ocr_line' id='line_1_32' title="bbox 196 4222 1283 4290; baseline 0.003 -18"><span class='ocrx_word' id='word_1_309' title='bbox 196 4222 243 4273; x_wconf 84' lang='lat' dir='ltr'>Nc</span> <span class='ocrx_word' id='word_1_310' title='bbox 261 4224 274 4272; x_wconf 94' lang='lat'>1</span> <span class='ocrx_word' id='word_1_311' title='bbox 292 4225 448 4290; x_wconf 71' lang='grc' dir='ltr'>Ἀφροδίτης,</span> <span class='ocrx_word' id='word_1_312' title='bbox 466 4222 571 4273; x_wconf 58' lang='lat' dir='ltr'>&amp;ruht</span> <span class='ocrx_word' id='word_1_313' title='bbox 590 4227 612 4272; x_wconf 85' lang='grc' dir='ltr'>Α</span> <span class='ocrx_word' id='word_1_314' title='bbox 676 4225 690 4273; x_wconf 87' lang='grc'><strong>5</strong></span> <span class='ocrx_word' id='word_1_315' title='bbox 708 4223 872 4288; x_wconf 74' lang='grc' dir='ltr'>ἀναμνήσεως</span> <span class='ocrx_word' id='word_1_316' title='bbox 890 4231 1048 4288; x_wconf 81' lang='lat' dir='ltr'><strong>corruptum</strong></span> <span class='ocrx_word' id='word_1_317' title='bbox 1066 4238 1100 4274; x_wconf 84' lang='lat' dir='ltr'>ex</span> <span class='ocrx_word' id='word_1_318' title='bbox 1121 4224 1260 4288; x_wconf 81' lang='grc' dir='ltr'>ἀνάμνησιν</span> <span class='ocrx_word' id='word_1_319' title='bbox 1276 4239 1283 4275; x_wconf 87' lang='lat'><strong>:</strong></span> 
     </span>
     <span class='ocr_line' id='line_1_33' title="bbox 164 4294 1221 4358; baseline 0 -14"><span class='ocrx_word' id='word_1_320' title='bbox 164 4295 224 4344; x_wconf 74' lang='lat' dir='ltr'>tort.</span> <span class='ocrx_word' id='word_1_321' title='bbox 244 4297 296 4358; x_wconf 77' lang='lat' dir='ltr'>leg.</span> <span class='ocrx_word' id='word_1_322' title='bbox 315 4294 454 4358; x_wconf 68' lang='grc' dir='ltr'>αἰσθήσεως</span> <span class='ocrx_word' id='word_1_323' title='bbox 519 4295 659 4345; x_wconf 71' lang='grc' dir='ltr'>αὑτοκαλοῦ</span> <span class='ocrx_word' id='word_1_324' title='bbox 679 4294 739 4344; x_wconf 85' lang='lat' dir='ltr'>libri</span> <span class='ocrx_word' id='word_1_325' title='bbox 759 4302 790 4344; x_wconf 83' lang='grc' dir='ltr'>υι</span> <span class='ocrx_word' id='word_1_326' title='bbox 810 4296 899 4346; x_wconf 79' lang='lat' dir='ltr'><strong>solent</strong></span> <span class='ocrx_word' id='word_1_327' title='bbox 961 4295 976 4345; x_wconf 88' lang='grc'><strong>6</strong></span> <span class='ocrx_word' id='word_1_328' title='bbox 993 4298 1047 4354; x_wconf 77' lang='grc' dir='ltr'>καὶ,</span> <span class='ocrx_word' id='word_1_329' title='bbox 1068 4316 1084 4346; x_wconf 81' lang='grc' dir='ltr'>κ</span> <span class='ocrx_word' id='word_1_330' title='bbox 1101 4296 1174 4345; x_wconf 83' lang='lat' dir='ltr'>rubr.</span> <span class='ocrx_word' id='word_1_331' title='bbox 1197 4299 1221 4344; x_wconf 82' lang='grc' dir='ltr'>Α</span> 
     </span>
     <span class='ocr_line' id='line_1_34' title="bbox 162 4364 1283 4432; baseline 0 -16"><span class='ocrx_word' id='word_1_332' title='bbox 162 4365 178 4415; x_wconf 89' lang='grc'><strong>7</strong></span> <span class='ocrx_word' id='word_1_333' title='bbox 195 4367 261 4416; x_wconf 73' lang='grc' dir='ltr'>ἔοικέ</span> <span class='ocrx_word' id='word_1_334' title='bbox 274 4385 309 4432; x_wconf 83' lang='grc' dir='ltr'>τῳ</span> <span class='ocrx_word' id='word_1_335' title='bbox 332 4369 402 4429; x_wconf 69' lang='lat' dir='ltr'><strong>(post</strong></span> <span class='ocrx_word' id='word_1_336' title='bbox 417 4364 526 4425; x_wconf 77' lang='lat' dir='ltr'>emend)</span> <span class='ocrx_word' id='word_1_337' title='bbox 543 4369 566 4415; x_wconf 85' lang='grc' dir='ltr'>Α</span> <span class='ocrx_word' id='word_1_338' title='bbox 581 4368 682 4416; x_wconf 68' lang='grc' dir='ltr'>ἐοικέτω</span> <span class='ocrx_word' id='word_1_339' title='bbox 700 4367 726 4415; x_wconf 90' lang='grc' dir='ltr'><strong>Μ</strong></span> <span class='ocrx_word' id='word_1_340' title='bbox 742 4381 748 4414; x_wconf 75' lang='lat' dir='ltr'><em>z</em></span> <span class='ocrx_word' id='word_1_341' title='bbox 764 4365 800 4415; x_wconf 77' lang='lat' dir='ltr'>ct.</span> <span class='ocrx_word' id='word_1_342' title='bbox 818 4366 933 4426; x_wconf 80' lang='grc'><strong>122,15;</strong></span> <span class='ocrx_word' id='word_1_343' title='bbox 951 4367 1006 4427; x_wconf 87' lang='grc'><strong>126,</strong></span> <span class='ocrx_word' id='word_1_344' title='bbox 1021 4367 1052 4416; x_wconf 79' lang='grc'><strong>28</strong></span> <span class='ocrx_word' id='word_1_345' title='bbox 1114 4365 1146 4415; x_wconf 91' lang='grc'>10</span> <span class='ocrx_word' id='word_1_346' title='bbox 1166 4368 1283 4424; x_wconf 80' lang='grc' dir='ltr'>ἀπείκαζε</span> 
     </span>
     <span class='ocr_line' id='line_1_35' title="bbox 166 4434 1282 4502; baseline 0.002 -17"><span class='ocrx_word' id='word_1_347' title='bbox 166 4437 193 4485; x_wconf 90' lang='grc' dir='ltr'>Μ</span> <span class='ocrx_word' id='word_1_348' title='bbox 258 4436 486 4495; x_wconf 69' lang='grc' dir='ltr'>12ίσωςτυίπ.Α</span> <span class='ocrx_word' id='word_1_349' title='bbox 550 4434 754 4502; x_wconf 73' lang='grc' dir='ltr'>14ἥγουνῙῆΜ</span> <span class='ocrx_word' id='word_1_350' title='bbox 819 4439 847 4488; x_wconf 75' lang='grc' dir='ltr'>τὸ</span> <span class='ocrx_word' id='word_1_351' title='bbox 860 4437 954 4487; x_wconf 76' lang='lat' dir='ltr'>addidi</span> <span class='ocrx_word' id='word_1_352' title='bbox 1017 4436 1282 4500; x_wconf 67' lang='grc' dir='ltr'>15τδευαίρ5ἰεὸΑτ</span> 
     </span>
     <span class='ocr_line' id='line_1_36' title="bbox 164 4505 1282 4574; baseline 0.002 -18"><span class='ocrx_word' id='word_1_353' title='bbox 164 4509 260 4557; x_wconf 88' lang='lat' dir='ltr'><strong>om.M</strong></span> <span class='ocrx_word' id='word_1_354' title='bbox 327 4505 598 4574; x_wconf 76' lang='grc' dir='ltr'>17τάχα,ττιιίιι·.Α</span> <span class='ocrx_word' id='word_1_355' title='bbox 664 4510 693 4558; x_wconf 85' lang='grc'>18</span> <span class='ocrx_word' id='word_1_356' title='bbox 705 4512 759 4559; x_wconf 83' lang='grc' dir='ltr'>τότε</span> <span class='ocrx_word' id='word_1_357' title='bbox 770 4510 866 4558; x_wconf 86' lang='lat' dir='ltr'><strong>om.M</strong></span> <span class='ocrx_word' id='word_1_358' title='bbox 931 4509 962 4559; x_wconf 81' lang='lat'>19</span> <span class='ocrx_word' id='word_1_359' title='bbox 978 4511 1053 4571; x_wconf 81' lang='grc' dir='ltr'>δῆλον</span> <span class='ocrx_word' id='word_1_360' title='bbox 1068 4508 1128 4558; x_wconf 76' lang='lat' dir='ltr'>A¹E</span> <span class='ocrx_word' id='word_1_361' title='bbox 1191 4507 1282 4558; x_wconf 66' lang='lat'>251«-</span> 
     </span>
     <span class='ocr_line' id='line_1_37' title="bbox 164 4578 1362 4639; baseline 0.003 -11"><span class='ocrx_word' id='word_1_362' title='bbox 164 4579 377 4639; x_wconf 79' lang='grc' dir='ltr'>λῶν,κι“ιιί)ι“,Α</span> <span class='ocrx_word' id='word_1_363' title='bbox 441 4578 706 4638; x_wconf 76' lang='grc' dir='ltr'>28τόδε,τι“111)ι·.Α</span> <span class='ocrx_word' id='word_1_364' title='bbox 1360 4589 1362 4593; x_wconf 84' lang='grc'><strong>’</strong></span> 
     </span>
    </p>
   </div>
   <div class='ocr_carea' id='block_1_16' title="bbox 0 0 1586 5512">
    <p class='ocr_par' dir='ltr' id='par_1_27' title="bbox 0 0 1586 5512">
     <span class='ocr_line' id='line_1_38' title="bbox 0 0 1586 5512; baseline 0 0"><span class='ocrx_word' id='word_1_365' title='bbox 0 0 1586 5512; x_wconf 95' lang='lat' dir='ltr'> </span> 
     </span>
    </p>
   </div>
  </div>
 </body>
</html>
