3120 5506
343 500 398 549 ΕΙΣ
418 501 479 549 TON
502 499 678 550 ΠΛΑΤΩΝΟΣ
701 500 843 579 ῬΑΙΔΡΟΝ
867 501 988 554 2wa
1179 514 1226 563 153

11 666 70 732 Ι143]
104 653 189 732 σῶμα
198 657 229 713 τὸ
245 656 256 713 έ
284 654 427 735 ,ρτημένον
443 661 490 711 τοῦ
506 661 571 712 θεοῦ
587 657 652 712 θεὸν
668 655 801 731 ἐἰώθαμεν
815 657 1034 736 προσαγορεύειν·
1052 657 1076 714 εἰ
1091 656 1119 714 δὲ
1133 659 1163 714 τό
1177 664 1225 715 τού

103 761 169 813 θεοῦ
184 756 285 833 κυρίως
301 755 445 828 ἀκούομεν,
466 755 560 825 τὸτῆς
577 752 699 818 διανοίας
714 753 799 825 δῆλον
815 755 855 811 ὅτι
871 761 1095 836 καταχρηστικῶς
1111 756 1225 814 ἀκουσό-

104 858 184 930 μεθα,
204 854 294 932 ὥσπερ
314 852 346 925 δὴ
366 855 410 909 καί
429 851 556 934 ἀλλαχοῦ
580 853 745 931 λογισμὸν
767 853 825 910 εἷπε
846 840 924 914 θεοῦ.
941 890 979 898 -
996 853 1174 934 Ἀκήρατος
1197 854 1225 912 δέ

103 954 141 1017 ὡς
164 951 227 1010 ἀνευ
247 960 296 1023 τῆς
318 952 422 1014 οίκείας
446 948 553 1028 βλάόης
576 952 753 1025 προεστώσης
774 958 829 1008 τῶν
854 952 1007 1030 ἐγκοσμίων
1029 956 1074 1010 καὶ
1098 952 1225 1018 ἀκλινοῶς

11 1063 86 1112 ’58ν·
105 1052 237 1127 μενούσης
252 1051 319 1130 πρὸς
338 1052 370 1107 τά
384 1049 506 1129 δεύτεροι·
528 1048 554 1116 ἐξ
569 1050 712 1130 ἀκηράτων
727 1050 778 1129 γάρ
796 1050 904 1129 Ιγενῶν
919 1051 1007 1109 ἐποίει
1022 1053 1161 1127 όΤιμαῖος
1176 1053 1225 1117 τάς

103 1152 183 1216 θείας
200 1152 298 1231 ψυχὰς,
325 1150 373 1215 τάς
398 1148 425 1205 δέ
444 1148 576 1228 ἡμετέρας
595 1145 621 1215 ἐξ
647 1149 788 1227 ἀκηρτίτων
814 1150 901 1207 ούκέτι
923 1150 1049 1225 πάμπαν.
1071 1185 1110 1195 -—
1131 1158 1172 1228 Τῷ
1197 1149 1225 1207 δέ

102 1249 156 1307 καὶ
175 1250 279 1319 πάσης
300 1250 407 1328 ψυχῆς
425 1246 677 1326 προσυπακουστέον
697 1248 726 1303 τό
747 1246 944 1307 διάνοια-
957 1246 1033 1321 Ὅση
1051 1249 1085 1306 ἀν
1101 1247 1223 1324 μέλλῃ,

103 1348 181 1429 ρησὶ,
206 1348 240 1409 τὸ
263 1355 432 1426 προσηκον
457 1342 621 1417 δέξασθαι,
646 1347 780 1403 τουτέστιν
802 1347 851 1419 θ’ση
873 1348 904 1403 τὸ
928 1347 1030 1405 οἰκεῖον
1053 1349 1103 1421 μέν
1127 1349 1225 1426 μέτρον

102 1444 291 1527 καταδέχεται,
309 1444 415 1522 λέγοιτο
438 1443 460 1501 δ’
478 1443 510 1500 διν
529 1444 591 1523 περί
610 1466 639 1502 τε
661 1450 735 1503 θεῶν
754 1447 797 1501 καὶ
817 1445 935 1524 ἀγγέλων
956 1447 1000 1502 καί
1024 1445 1159 1520 δαιμόνων
1180 1446 1225 1501 καί

40 1554 72 1606 10
104 1545 214 1624 ἡρώων·
234 1544 336 1617 έκέιστῳ
356 1544 407 1622 γάρ
423 1543 528 1599 τούτων
546 1548 599 1599 τῶν
617 1549 699 1620 γενῶν
716 1545 818 1600 οἰκεῖον
837 1545 881 1599 καί
896 1542 965 1600 ίδιον
982 1546 1078 1622 μέτρον
1094 1542 1226 1601 ἐνδίδοται

104 1640 174 1699 ἀ’λλο
197 1639 276 1715 ἀλλῳ
299 1642 370 1719 παρά
393 1645 448 1696 τῶν
472 1639 587 1718 πρώτων
610 1642 654 1696 καί
678 1635 923 1712 έπαναύεύηκότων
946 1647 1028 1699 θεῶν,
1055 1675 1094 1692 -.
1118 1642 1153 1696 Τὸ
1175 1639 1226 1696 διὰ

103 1762 124 1819 χ
130 1739 227 1817 ρόνου
250 1737 299 1794 οὐκ
320 1737 351 1794 ἀν
371 1744 451 1794 τοῦτο
469 1737 544 1816 λέγοι
564 1739 606 1795 ότι
626 1736 796 1795 διακόπτεται
816 1735 915 1813 μεταξύ
934 1741 951 1809 ἡ
967 1745 1022 1795 τῶν
1041 1744 1117 1796 θεῶν
1133 1738 1225 1811 νόησις

103 1836 192 1915 ῶσπερ
210 1837 241 1892 τὸ
260 1835 403 1914 ἡμέτερον,
426 1822 463 1901 ῶς
483 1839 548 1893 ποτὲ
569 1838 617 1911 μέν
638 1836 719 1900 αύτάς
735 1843 863 1917 θεωρεῖν,
879 1839 945 1894 ποτέ
960 1836 988 1894 δέ
1003 1839 1054 1911 μή·
1072 1837 1160 1893 ούκέτι
1175 1838 1226 1916 γὰρ

103 1935 134 1989 τό
150 1932 210 1999 ίσον
228 1942 275 2005 τῆς
295 1933 465 2009 εὐδαιμονίας
483 1941 537 1990 τῶν
556 1935 639 1992 θείων
659 1939 754 2016 ψυχῶν
771 1938 940 2015 τηρήσομεν·
963 1935 994 1993 ού
1014 1930 1065 2015 γάρ
1084 1934 1126 1993 δεῖ
1145 1935 1225 1998 αύτάς

43 2047 72 2096 15
103 2034 169 2089 ποτέ
185 2034 233 2107 μέν
251 2032 359 2106 μᾶλλον
375 2034 441 2090 ποτέ
456 2031 484 2089 δέ
498 2037 578 2104 ήττον
599 2032 779 2109 εὐδαιμονεῖν·
800 2032 867 2090 ἀλλά
886 2035 916 2090 τὸ
935 2033 989 2091 διά
1007 2035 1130 2114 χρόνου
1149 2034 1180 2089 τὸ
1199 2032 1226 2090 έν

104 2132 196 2212 χρόνῳ
212 2130 351 2205 σημαίνει,
366 2132 430 2210 ὅπερ
444 2130 515 2188 ίδιόν
530 2131 585 2188 ἐστι
599 2140 648 2203 τῆς
662 2136 780 2213 ψυχικῆς
794 2132 886 2196 ούσίας
902 2132 932 2189 τὸ
946 2132 973 2188 έν
987 2132 1078 2212 χρόνῳ
1091 2135 1227 2189 ποιεῖσθαι

104 2230 151 2293 τάς
168 2229 312 2308 ἐνεργείας·
330 2231 421 2308 ὥσπερ
436 2228 468 2301 δή
484 2232 528 2286 καί
545 2233 638 2305 ἡμεῖς,
654 2229 705 2287 κάν
719 2231 760 2287 ἀεί
774 2229 945 2304 πεπταμένας
959 2227 1069 2311 ἔχωμεν
1084 2232 1131 2294 τάς
1149 2228 1226 2306 ὄψεις

104 2328 171 2405 πρὸς
192 2325 269 2385 τόνδε
288 2328 335 2384 τὸν
357 2328 464 2406 ἀστέρα,
488 2328 564 2402 ὅμως
586 2327 612 2384 έν
630 2331 733 2400 κινήσει
754 2331 798 2384 καί
820 2329 848 2385 έν
868 2329 960 2409 χρόνῳ
981 2334 1060 2385 τοῦτο
1081 2335 1224 2402 ποιοῦμεν.

106 2425 264 2506 Συμριίινως
285 2424 313 2482 δέ
330 2428 374 2482 καί
396 2426 509 2483 ἐνταῦθα
532 2433 589 2490 τοῖς
616 2427 642 2484 έν
664 2423 801 2501 Φιλήόῳ
823 2428 853 2483 τὸ
874 2425 953 2491 τέλος
972 2422 1125 2505 παρέλαθεν
1147 2425 1177 2482 έκ
1198 2448 1227 2482 τε

42 2541 74 2589 20
106 2523 225 2603 θεωρίας
238 2525 283 2579 καί
299 2524 471 2604 εὐφροσύνης,
486 2557 525 2568 -
539 2522 617 2581 Τδδὶ
636 2524 743 2602 ἀγαπᾷ
764 2527 816 2581 καί
834 2523 988 2605 τρέφεται
1006 2526 1057 2580 καί
1077 2524 1225 2581 εὐπαθεῖ·

103 2623 243 2703 τρέψεσθαι
259 2623 309 2696 μἐν
326 2620 401 2700 λέγει
416 2622 509 2693 ἕκτης
524 2621 626 2680 ἀνωθεν
646 2623 712 2698 αὐτῇ
728 2607 906 2698 ἐκδεδομένης
916 2621 1099 2694 τελειότητος·
1121 2624 1227 2700 ἀγαπᾷ

105 2718 133 2776 δέ
152 2720 208 2777 ἀντὶ
227 2726 275 2778 τοῦ
296 2722 400 2799 στέργει
416 2721 461 2776 καί
483 2720 651 2778 ἀνατείνεται
669 2722 736 2800 πρὸς
753 2722 800 2786 τάς
821 2721 920 2786 οἰκείας
934 2721 1032 2801 ἀρχάς·
1050 2721 1080 2778 έκ
1095 2719 1123 2777 δὲ
1138 2721 1226 2801 ἀμφο-

103 2817 231 2897 τέρωντό
248 2819 393 2878 εύπαθεῖ.
408 2854 446 2865 -
461 2821 495 2876 Τὸ
511 2817 539 2875 δέ
556 2816 618 2882 ’ἕως
638 2818 675 2875 ἀν
698 2818 806 2894 κύκλῳ
829 2823 846 2891 ἡ
871 2819 1034 2901 περιρορά
1055 2820 1101 2883 είς
1128 2819 1226 2875 ταυτὸ

104 2915 303 2995 περιενέγκη
325 2917 381 2973 ἀντὶ
399 2923 458 2973 τοῦ·
477 2914 531 2975 ’έωτ
551 2918 583 2974 ἀν
603 2920 855 2997 συμπεριενεχθῶσι
871 2924 905 2993 τῇ
925 2920 1017 2989 νοήσει
1036 2923 1084 2974 τοῦ
1100 2918 1225 2996 ούρανοῦ,

42 3030 72 3081 25
105 3014 158 3094 οὐχ
181 3016 219 3078 ὡς
243 3017 287 3072 καί
311 3015 391 3072 αύτού
418 3011 602 3091 μεταύατικῶς
625 3016 810 3094 ἐνεργοῦντος,
838 3015 902 3074 ἀλλ’
926 3017 963 3080 ὡς
987 3023 1038 3087 τῆς
1065 3019 1155 3096 ψυχῆς
1179 3018 1228 3087 τήν

104 3111 209 3169 ἐκείνου
239 3113 332 3184 νόησιν
358 3115 402 3170 καί
429 3114 566 3192 ἐνέργειαν
593 3112 620 3169 έν
645 3114 737 3195 χρόνῳ
769 3111 934 3194 δεχομένης,
963 3114 1052 3192 ὥσπερ
1082 3111 1114 3183 δὴ
1141 3115 1185 3169 καί
1213 3113 1227 3168 ό

105 3210 215 3268 ἐνταῦθα
234 3211 352 3292 κάτοχος
368 3211 395 3267 ἐν
410 3212 502 3291 χρόνῳ
519 3210 673 3292 φθέγγεται,
694 3217 742 3268 τοῦ
764 3217 830 3269 θεοῦ
851 3211 974 3292 ἀχρόνως
993 3210 1171 3290 ἐνεργοῦντος.
1192 3212 1227 3267 Τὸ

105 3311 153 3385 μέν
171 3308 218 3366 ούν
237 3308 350 3385 κύκλῳ
378 3308 447 3367 ἴδιον
469 3319 518 3382 τῆς
541 3315 660 3390 ψυχικῆς
680 3310 817 3389 περιόδου·
839 3312 869 3367 τὸ
892 3309 920 3367 δὲ
941 3319 990 3382 τῆς
1009 3316 1155 3390 περιφορᾶς
1176 3317 1226 3381 τῆς

11 3415 88 3478 μίόό
106 3408 230 3488 ούρανίας
260 3411 391 3480 νοήσεως.
417 3443 456 3452 -
481 3410 515 3465 Τὸ
544 3408 572 3466 δέ
599 3412 722 3488 καθορᾷ
753 3410 811 3484 μέν
836 3409 842 3488 Ι
869 3408 971 3479 αὐτήν
1000 3407 1226 3480 δικαιοσύνην,

43 3520 74 3569 30
105 3510 228 3586 καθορᾷ
258 3505 292 3563 δέ
317 3508 541 3588 σωφροσύνην,
569 3510 691 3586 καθορᾷ
717 3506 750 3563 δὲ
773 3507 974 3581 ἐπιστήμην·
1000 3508 1030 3564 τὸ
1054 3506 1095 3587 ἐρ’
1117 3506 1228 3564 έκάστου

105 3607 223 3684 χρῆσθαι
243 3612 280 3683 τῷ
301 3608 424 3685 καθορᾷ
447 3605 546 3676 αύτήν
572 3608 743 3684 προσρήματι
766 3608 816 3677 τήν
840 3606 927 3680 μόνην
949 3605 1043 3677 νόησιν
1064 3611 1118 3661 τῶν
1143 3606 1227 3662 θείων

105 3706 201 3781 ψυχῶν
223 3700 316 3774 δηλοῖ·
339 3701 483 3767 πλεονάκις
505 3701 533 3759 δὲ
552 3705 631 3759 ταυτὸ
652 3703 741 3781 λέγων
760 3704 805 3759 καὶ
824 3705 856 3759 τὸ
873 3699 1051 3778 μεταόατικὸν
1067 3702 1228 3760 ἐνδείκνυται
1266 3712 1270 3718 ’

105 3803 150 3856 καί
167 3802 197 3856 τὸ
214 3803 411 3879 μεμερισμένον
425 3809 473 3872 τῆς
487 3804 606 3882 ψυχικῆς
625 3802 757 3872 νοήσεως·
778 3801 831 3881 ούχ
848 3801 937 3880 ὥσπερ
956 3799 984 3858 δέ
1000 3799 1097 3858 είωθεν
1112 3801 1155 3857 έπί
1172 3807 1227 3857 τῶν

107 3893 187 3955 ἰδεῶν
207 3897 292 3976 λέγειν
311 3898 558 3972 αύτοδικαιοσύνην,
580 3897 833 3978 αύτοσωιρροσύνην,
856 3899 928 3956 οὕτω
946 3900 992 3955 καί
1010 3899 1122 3956 ἐνταῦθα
1140 3899 1229 3978 ἀπήγ-

138 4157 152 4204 3
171 4155 240 4206 Tim.
253 4154 318 4205 30ss
382 4156 396 4203 5
415 4153 485 4204 Τιίιι.
504 4155 532 4203 41
549 4154 573 4202 D
638 4152 668 4203 19
685 4157 709 4204 ἐν
726 4154 847 4220 Φιλήόῳι
864 4153 955 4204 locum
972 4167 1026 4205 non
1043 4154 1140 4205 inveni

139 4294 185 4344 ΝΟ
206 4297 220 4343 3
238 4292 363 4359 ἀκήρατος
382 4291 417 4341 σί.
440 4291 522 4346 151.1
588 4292 602 4339 5
623 4298 702 4355 γενῶν
722 4303 776 4340 om.
799 4290 825 4338 M
890 4288 1015 4355 ῖπάσης]
1037 4290 1135 4355 ἀπάσης
1158 4291 1227 4342 Plat.

168 4363 226 4429 ὅση]
246 4364 295 4425 δση
317 4363 385 4413 Plat.
406 4362 465 4411 cod.
486 4361 509 4409 B
573 4361 714 4419 8δέίεσθαι
738 4359 807 4410 Plau.
827 4360 885 4410 cod.
910 4361 933 4409 B
998 4363 1040 4426 μέν
1060 4375 1114 4412 0111.
1137 4364 1164 4412 M

107 4436 136 4486 14
150 4434 207 4488 ίσον
223 4439 246 4484 Α
263 4423 292 4484 οἱ
308 4435 377 4484 solet
440 4430 486 4496 δεῖ]
504 4434 534 4495 δὴ
553 4432 581 4482 Μ
646 4432 678 4481 20
694 4434 781 4501 ἀγαπᾷ
795 4449 820 4482 τε
835 4434 877 4482 καὶ
892 4435 1022 4499 θεωροῦσα
1036 4436 1130 4497 τάληθῆ
1144 4437 1229 4501 τρέφε·

105 4527 146 4559 ται
162 4508 229 4556 Plat.
287 4506 324 4555 ’23
339 4504 454 4555 εὐπαθεῖν
470 4503 531 4552 libri
593 4504 683 4555 ταύτδν
698 4504 765 4554 Plat.
781 4516 787 4549 Ξ
802 4505 892 4554 ταυτὸν
906 4502 933 4552 Μ
998 4505 1028 4554 24
1047 4504 1143 4570 νοήσει]
1158 4507 1229 4570 κινή-

107 4598 144 4630 σει
163 4583 199 4627 A·
261 4578 291 4628 30
311 4578 339 4627 τό
356 4577 382 4626 δέ
399 4576 434 4639 ἐφ’
456 4574 482 4623 Μ
549 4574 578 4624 31
600 4574 757 4641 προρρήματι
777 4576 813 4622 Αι
835 4573 892 4637 (sed
915 4594 931 4625 σ
950 4588 1032 4639 supra
1050 4576 1073 4642 ρ)
1137 4577 1166 4625 33
1187 4577 1226 4642 τὸ]

106 4652 149 4714 τήν
163 4655 198 4699 Α·
211 4650 269 4713 (sed
284 4649 312 4701 in
328 4659 414 4710 marg.
429 4647 457 4696 τ“ο
471 4645 497 4709 a)
562 4647 591 4695 34
605 4649 648 4696 καὶ
661 4642 889 4712 αύτοσωφροσύνην
905 4646 932 4694 Μ
