3150 5504
223 450 232 467 ί
292 501 339 554 102
675 487 816 539 ΕΡΜΕΙΟΥ
836 487 1034 539 ΦΙΛΟΣΟΦΟΥ

197 644 263 712 1114]
338 639 371 708 ζ’.
399 638 497 720 Ἀρχὴ
520 637 553 696 δὲ
577 632 783 705 ἀποδείξεως
807 638 878 716 ἥδε]
904 639 962 697 245
984 638 1021 699 C.

335 783 371 840 Οθ
388 792 437 855 τῆς
455 783 544 855 πάσης
562 781 656 849 ἁπλῶς
672 779 837 849 ἀποδείξεως
855 791 906 855 τῆς
925 782 1094 858 παλινῳδίας
1115 784 1187 865 ἀρχὴ
1207 783 1257 856 ἥδε
1278 782 1416 866 (άνωτίρω

294 885 346 962 γάρ
363 883 423 962 περί
437 881 522 954 αὐτῆς
539 883 598 939 εἶπε
614 889 665 953 τῆς
683 881 773 962 ἀρχῆς
789 889 840 954 τῆς
853 881 1023 957 παλινῳδίας
1040 883 1080 940 ότι
1103 881 1227 948 δεινοῖς
1249 884 1308 959 μέν
1330 880 1418 940 άπισ-

295 1003 369 1054 εος,
392 985 508 1060 σοροῖς
530 978 564 1038 δέ
584 980 716 1057 πιστή),
740 976 814 1037 άλλά
833 980 906 1061 ἀρχὴ
927 988 975 1052 τῆς
993 982 1055 1060 περὶ
1074 979 1218 1045 ἀθανασίας
1238 985 1331 1062 ψυγῆς
1352 982 1418 1037 άπο-

249 1085 263 1133 5
297 1075 406 1146 δείξεως
421 1077 482 1151 ἥδε.
499 1078 536 1135 Οό
550 1079 580 1135 τὸ
596 1080 776 1158 συμπέρασμα
791 1077 838 1136 οὗν
855 1079 930 1158 λέγει
948 1079 1037 1160 ἀρχὴν
1056 1075 1233 1146 ἀποδείξεως·
1249 1085 1355 1159 πρῶτον
1371 1081 1420 1155 μέν

295 1179 347 1258 γάρ
362 1180 406 1235 καί
420 1179 451 1235 τὸ
465 1176 545 1243 τέλος
561 1177 615 1235 ἐστί
631 1201 691 1244 πιυς
708 1179 780 1259 ἀρχὴ
796 1184 849 1236 τῶν
868 1178 935 1258 πρὸς
953 1180 984 1235 τὸ
1003 1177 1095 1245 τέλος·
1113 1178 1178 1237 ἄλλ’
1193 1178 1358 1237 ἐνδείκνυται
1380 1179 1420 1236 ότι

296 1278 323 1337 ἰν
345 1277 413 1353 αὐτῇ
432 1282 467 1354 τῇ
485 1276 564 1349 οὐσία
580 1286 630 1349 τῆς
648 1281 739 1358 ψυχῆς
756 1276 861 1350 έστινη
882 1276 1027 1350 άθανασία;
1049 1279 1093 1334 καί
1108 1277 1358 1357 συνεσπειραμένως
1376 1279 1421 1335 καί

296 1376 445 1453 ἡνωμένως
463 1377 620 1457 περιέγεται
640 1375 666 1434 έν
684 1381 722 1454 τῷ
741 1377 948 1455 συμπεράσματι
965 1381 983 1449 ἡ
1003 1384 1075 1435 πάσα
1094 1372 1244 1443 ἀπόδειξις.

336 1530 377 1604 η’,
402 1533 501 1612 Ψυχὴ
525 1536 609 1587 πᾶσα
633 1529 809 1611 ἀθάνατος]
834 1530 892 1590 245
916 1529 952 1589 C.

233 1682 265 1735 ιο
332 1674 441 1750 Πρῶτον
460 1671 520 1749 περὶ
538 1668 619 1732 ποίας
639 1672 730 1749 ψυχῆς
748 1671 762 1725 ό
782 1667 867 1748 λόγος
889 1670 1030 1742 ζητητέον.
1049 1670 1081 1726 Οί
1101 1669 1150 1745 μέν
1164 1671 1215 1749 γάρ
1233 1671 1296 1749 περὶ
1312 1677 1363 1742 τῆς
1375 1674 1422 1725 τοῦ

296 1769 401 1844 κόσμου
420 1768 505 1843 μόνης
523 1768 652 1843 ᾠήθησαν
669 1767 737 1835 εἶναι
757 1768 804 1824 τὸν
824 1767 909 1846 λόγον
928 1767 1017 1825 διὰτὸ
1036 1768 1169 1847 εἰρηκέναι
1184 1768 1265 1825 αὐτὸν
1278 1774 1365 1824 πᾶσα
1379 1768 1424 1824 καί

299 1866 358 1944 μετ’
373 1865 458 1945 ὀλίγα
474 1865 582 1945 ἐπάγειν
604 1890 618 1920 ιι
637 1865 656 1938 ἢ
675 1866 780 1923 πάντα
799 1888 832 1924 τε
854 1867 994 1947 οόρανδν
1016 1866 1121 1923 πᾶσάν
1140 1889 1174 1925 τε
1195 1866 1327 1945 γένεσιν
1350 1862 1424 1940 ξυμ-

297 1971 462 2025 πεσοῦσαν
482 1973 610 2037 στῆναι·
628 1990 643 2021 υ
664 1967 702 2022 ὧν
722 1965 778 2022 έσει
797 1965 976 2031 Ποσειδώνιος
992 1969 1006 2023 ό
1023 1967 1153 2031 Στωϊκός.
1171 1967 1203 2023 Οί
1217 1963 1246 2022 δέ
1259 1966 1321 2045 περί
1334 1965 1424 2037 πάσης

300 2063 394 2131 ἁπλῶς
412 2065 457 2121 καὶ
476 2072 525 2136 τῆς
543 2070 591 2123 τοῦ
612 2064 757 2144 μύρμηκος
776 2066 822 2123 καί
841 2065 935 2141 μυίας,
956 2068 995 2122 ὧν
1014 2066 1086 2124 έστιν
1101 2065 1311 2146 Ἁρποκρατίων·
1328 2064 1359 2121 τὸ
1375 2064 1425 2143 γάρ

240 2177 268 2226 15
299 2170 386 2221 πᾶσα
409 2162 452 2220 έπίΙ
472 2162 561 2236 πάσης
583 2167 675 2244 ψυχῆς
696 2163 799 2222 άκοόει.
822 2164 852 2220 E!
873 2162 901 2221 δέ
920 2162 962 2221 δεῖ
985 2167 1056 2239 μήτε
1079 2164 1173 2230 ἁπλῶς
1192 2164 1376 2221 άποστενῶσαι
1395 2163 1426 2219 τὸ

299 2257 451 2345 πρόόλημα
471 2260 537 2338 μήτ’
552 2260 595 2319 ἐπὶ
612 2262 701 2319 πάντα
719 2261 845 2320 έκτείνειν
864 2263 958 2328 ἁπλῶς
980 2265 1012 2320 τά
1034 2265 1099 2341 ζῷα,
1120 2262 1167 2319 ἀπ’
1182 2263 1265 2320 αὐτοῦ
1284 2268 1333 2320 τοῦ
1353 2259 1425 2318 Πλά-

301 2384 387 2426 τωνος
412 2359 560 2437 ληψόμεθα
583 2362 643 2441 περὶ
664 2360 746 2425 ποίας
771 2365 863 2443 ψυχῆς
886 2364 941 2419 νυνί
964 2362 1130 2441 διαλέγεται·
1153 2369 1266 2442 προεῖπε
1288 2360 1321 2433 δὴ
1344 2361 1425 2426 αὐτὸς

302 2459 372 2519 δεῖν
393 2465 522 2542 πρῶτον
544 2463 654 2540 ψυχῆς
679 2460 807 2540 ρθσεως
833 2462 907 2540 πέρι
930 2459 1108 2542 διαλεχθῆναι
1122 2461 1227 2526 ’θείας
1249 2453 1356 2518 τεκαὶ
1377 2459 1426 2516 άν-

302 2559 486 2640 θρωπίνης,
502 2558 623 2616 τουτέστι
639 2559 702 2637 περὶ
720 2558 810 2631 πάσης
830 2557 947 2638 λογικῆς
966 2563 1070 2640 ψυχῆς·
1086 2560 1154 2617 ὥστε
1168 2560 1229 2638 περίΙ
1243 2567 1294 2630 τῆς
1311 2556 1426 2636 λογικῆς

239 2667 271 2720 20
302 2665 394 2742 ψυχῆς
417 2658 488 2716 ἐστιν
507 2661 522 2716 ὁ
540 2658 636 2738 παρὼν
655 2656 749 2737 λόγος.
774 2659 823 2714 Καὶ
841 2660 893 2739 γάρ
914 2657 1009 2722 άλλως
1028 2658 1126 2738 κυρίως
1144 2659 1238 2740 ψυχὴν
1257 2658 1382 2736 εἰώθασιν
1400 2658 1427 2713 οῖ

302 2756 414 2817 παλαιοὶ
433 2757 529 2815 καλεῖν
550 2760 601 2829 τήν
621 2757 748 2835 λογικήν·
770 2758 802 2814 τό
824 2779 853 2815 τε
874 2758 925 2836 γάρ
945 2758 1009 2837 ὑπὲρ
1026 2757 1109 2827 αὐτην
1126 2761 1188 2813 νοῦν
1208 2755 1334 2828 καλοῦσι,
1350 2756 1382 2812 τό
1397 2777 1427 2812 τε

302 2853 511 2935 καταδεέστερον
529 2854 614 2926 αὐτῆς
635 2854 687 2935 οὐχ
708 2854 801 2922 άπλῶς
819 2856 924 2936 ψυχὴν,
944 2852 1009 2912 ἀλλ’
1028 2852 1131 2932 ἄλογον
1149 2855 1241 2934 ψυχὴν
1259 2854 1305 2910 καί
1325 2852 1427 2924 θνητὸν

305 2954 378 3020 εἶδος
398 2960 490 3036 ψυχῆς
509 2956 554 3011 καί
573 2953 696 3034 δεότερον
716 2952 797 3036 ίχνυς
820 2956 894 3027 ζωῆς
913 2955 959 3010 καί
979 2952 1081 3033 άλογον
1098 2955 1182 3026 ζωὴν,
1198 2953 1217 3024 ἢ
1231 2955 1277 3010 καί
1291 2952 1427 3033 έμψυχίαν

304 3061 352 3112 τοῦ
370 3054 524 3130 πνεύματος
542 3055 586 3110 καί
605 3055 666 3132 περὶ
683 3060 742 3116 τοῖς
762 3052 869 3129 σώμασι
889 3054 962 3124 ζωὴν
981 3054 1025 3109 καί
1045 3053 1078 3109 τὰ
1098 3057 1220 3108 τοιαῠτα·
1244 3050 1316 3117 ἰδίως
1336 3049 1427 3108 δὲκαὶ

242 3158 273 3209 25
304 3155 402 3233 κυρίως
424 3154 517 3233 ψυχὴν
536 3153 587 3223 τὴν
609 3151 733 3230 λογικόν.
757 3153 807 3208 Καὶ
824 3153 875 3230 γάρ
892 3153 939 3208 τὸν
960 3152 1061 3231 κυρίως
1083 3148 1223 3230 άνθρωπον
1242 3152 1292 3221 τὴν
1313 3149 1430 3228 λογικὴν

305 3252 398 3331 ψυχὴν
411 3248 556 3310 ἀποκαλεῖ.
571 3246 716 3307 Συνελόντι
730 3247 777 3306 οὖν
790 3248 880 3329 φάναι,
892 3251 953 3329 περὶ
966 3249 1055 3322 πάσης
1072 3249 1184 3327 λογικῆς
1199 3251 1292 3329 ψυχῆς
1308 3245 1426 3326 όλόγος.

307 3348 522 3429 Προανερώνησε
543 3345 571 3404 δὶ
589 3348 620 3404 τὸ
639 3346 831 3427 συμπέρασμα,
847 3346 940 3419 ἐπειδὴ
957 3346 1057 3421 μέλλει
1077 3346 1107 3403 έκ
1121 3352 1174 3404 τῶν
1189 3345 1249 3403 καθ’
1265 3347 1333 3403 αὑτά
1348 3348 1429 3425 ὑπαρ·

306 3447 412 3528 χόντων
425 3450 545 3529 τηθυχῇ
559 3446 633 3522 καίῇ
644 3445 708 3503 αὐτὸ
717 3449 855 3504 ποιεῖσθαι
866 3448 911 3511 τὰς
921 3443 1078 3512 ἀποδείξεις·
1091 3443 1134 3502 διά
1146 3450 1226 3502 τοῦτο
1237 3443 1284 3500 οὖν
1294 3444 1429 3524 προέθηκε

307 3546 338 3603 τὸ
357 3545 549 3625 συμπέρασμα,
568 3543 770 3621 ίνδεικνιίμενος
786 3544 828 3602 ότι
848 3544 876 3602 έν
891 3544 963 3623 αὐτῷ
976 3548 1015 3622 τῷ
1030 3543 1072 3601 ότι
1088 3541 1339 3623 συνεσπειραμένως
1355 3563 1430 3622 περι-

339 3766 370 3817 12
392 3767 443 3831 μετ’
463 3767 535 3832 ὀλίγα
556 3765 602 3816 245
622 3764 644 3815 Ε
706 3764 737 3814 13
756 3761 927 3821 Ποσειδώνιος
944 3776 971 3827 p.
990 3760 1035 3813 241
1058 3759 1136 3812 Bake
1155 3761 1352 3827 (fragmentum
1374 3771 1430 3812 non

307 3837 420 3888 aliunde
437 3836 588 3902 cognitum.
605 3837 665 3887 sive
679 3849 714 3886 ex
728 3835 799 3885 libro
816 3837 872 3901 περὶ
891 3838 983 3902 ψυχῆς,
1004 3833 1062 3883 sive
1081 3845 1116 3883 ex
1129 3833 1326 3885 oommentario
1341 3833 1369 3882 in
1388 3830 1431 3883 Τι’-

307 3910 424 3972 moeum)
487 3909 517 3959 14
536 3909 730 3975 Ἃρποκρατίων
743 3906 779 3957 61.
795 3905 864 3968 θθ,θ

338 4029 401 4082 TIT
417 4028 431 4081 1
449 4029 516 4097 ἀρχὴ
534 4037 584 4080 τῶν
602 4016 813 4095 περὶάθανασίας
832 4032 915 4094 ψυχῆς
934 4028 1086 4085 ἀποδείξεων
1102 4025 1124 4077 C
1186 4025 1217 4078 13
1233 4024 1431 4085 Ποσιθώνιοςῦ

370 4101 402 4151 14
421 4103 613 4168 Ἁρποκρατίων
628 4099 649 4150 C
713 4099 743 4149 19
759 4101 814 4165 περὶ
824 4097 907 4163 πάσης
921 4103 1024 4165 λογικῆς
1036 4103 1119 4165 ψυχῆς
1131 4101 1205 4164 λόγος
1221 4097 1241 4148 C
1304 4096 1334 4148 21
1353 4095 1431 4162 ίνοῦῙς

309 4174 371 4241 ὑπέρ
384 4172 429 4237 τὴν
444 4171 528 4240 ψυχήν
542 4175 568 4222 Α

341 4287 389 4338 Nc
411 4289 424 4337 1
443 4285 520 4355 ἁρχὴ,
540 4289 571 4355 άρ
590 4288 666 4337 rubr.
683 4289 707 4335 Α
770 4286 787 4336 6
806 4294 855 4337 τῶν
872 4298 926 4336 om.
944 4287 971 4335 M
1036 4285 1051 4334 7
1068 4287 1319 4353 συνεσπειρασμένως
1338 4285 1367 4334 Μ

308 4358 586 4426 9ψυχὴ,ψυι·ῑιί)ε.Α
650 4358 679 4408 11
695 4356 818 4423 αὑτδνῙτδ
832 4357 860 4407 Μ
924 4356 956 4406 12
971 4357 1078 4424 γένεσιν]
1092 4364 1139 4422 γῆν
1153 4356 1184 4407 Μ
1199 4355 1280 4420 (Plat.
1295 4354 1319 4406 T
1334 4358 1431 4422 marg.)

370 4429 443 4519 13-13
464 4434 645 4519 συμπειηοῦσαν
666 4429 750 4510 Ρίιῐ.ν
800 4429 831 4517 14
850 4432 895 4478 τοῦ
917 4440 972 4478 om.
994 4430 1033 4488 M,
1054 4427 1207 4516 0140131
1269 4427 1300 4477 17
1317 4431 1433 4498 προεῖπε]

308 4520 435 4713 {W
449 4502 515 4696 η
529 4500 697 4640 κέλ..
719 4499 1222 4636 ιθιιιιλπίίιιιιιέ
1240 4497 1433 4622 τοῖιν

371 4665 393 4697 τι
418 4665 471 4697 οντι
