<?xml version="1.0" encoding="UTF-8"?>
<!DOCTYPE html PUBLIC "-//W3C//DTD XHTML 1.0 Transitional//EN"
    "http://www.w3.org/TR/xhtml1/DTD/xhtml1-transitional.dtd">
<html xmlns="http://www.w3.org/1999/xhtml" xml:lang="en" lang="en">
 <head>
  <title>
</title>
<meta http-equiv="Content-Type" content="text/html;charset=utf-8" />
  <meta name='ocr-system' content='tesseract 3.04.00' />
  <meta name='ocr-capabilities' content='ocr_page ocr_carea ocr_par ocr_line ocrx_word'/>
</head>
<body>
  <div class='ocr_page' id='page_1' title='image "./hermiaealexandr00alexgoog_0250.png"; bbox 0 0 3120 5506; ppageno 0'>
   <div class='ocr_carea' id='block_1_1' title="bbox 407 488 1295 547">
    <p class='ocr_par' dir='ltr' id='par_1_1' title="bbox 407 488 1295 547">
     <span class='ocr_line' id='line_1_1' title="bbox 407 488 1295 547; baseline 0.007 -6"><span class='ocrx_word' id='word_1_1' title='bbox 407 490 463 542; x_wconf 85' lang='grc' dir='ltr'>ΕΙΣ</span> <span class='ocrx_word' id='word_1_2' title='bbox 483 491 545 545; x_wconf 87' lang='lat' dir='ltr'>TON</span> <span class='ocrx_word' id='word_1_3' title='bbox 567 491 743 545; x_wconf 77' lang='grc' dir='ltr'>ΠΛΑΤΩΝΟΣ</span> <span class='ocrx_word' id='word_1_4' title='bbox 765 490 909 543; x_wconf 82' lang='grc' dir='ltr'>ΦΑΙΔΡΟΝ</span> <span class='ocrx_word' id='word_1_5' title='bbox 931 488 1055 541; x_wconf 77' lang='grc' dir='ltr'><strong>ΣΧΟΛΙΔ</strong></span> <span class='ocrx_word' id='word_1_6' title='bbox 1248 496 1295 547; x_wconf 83' lang='grc'>183</span> 
     </span>
    </p>
   </div>
   <div class='ocr_carea' id='block_1_2' title="bbox 73 642 1296 924">
    <p class='ocr_par' dir='ltr' id='par_1_2' title="bbox 73 642 1296 924">
     <span class='ocr_line' id='line_1_2' title="bbox 73 642 1296 726; baseline -0.002 -23"><span class='ocrx_word' id='word_1_7' title='bbox 73 649 141 720; x_wconf 79' lang='grc'>[1601</span> <span class='ocrx_word' id='word_1_8' title='bbox 174 667 271 719; x_wconf 89' lang='grc' dir='ltr'>τητος</span> <span class='ocrx_word' id='word_1_9' title='bbox 287 645 527 722; x_wconf 73' lang='grc' dir='ltr'><strong>συμμεμυκότα</strong></span> <span class='ocrx_word' id='word_1_10' title='bbox 540 647 620 720; x_wconf 77' lang='grc' dir='ltr'>ἦσαν,</span> <span class='ocrx_word' id='word_1_11' title='bbox 634 645 767 704; x_wconf 92' lang='grc' dir='ltr'>τουτέστιν</span> <span class='ocrx_word' id='word_1_12' title='bbox 780 646 808 702; x_wconf 79' lang='grc' dir='ltr'>αέ</span> <span class='ocrx_word' id='word_1_13' title='bbox 819 643 945 720; x_wconf 85' lang='grc' dir='ltr'>δυνάμεις</span> <span class='ocrx_word' id='word_1_14' title='bbox 959 652 1010 717; x_wconf 85' lang='grc' dir='ltr'>τῆς</span> <span class='ocrx_word' id='word_1_15' title='bbox 1025 647 1129 726; x_wconf 77' lang='grc' dir='ltr'>ψυχῆς,</span> <span class='ocrx_word' id='word_1_16' title='bbox 1142 642 1238 711; x_wconf 79' lang='grc' dir='ltr'>α’ίτινες</span> <span class='ocrx_word' id='word_1_17' title='bbox 1253 642 1296 702; x_wconf 84' lang='grc' dir='ltr'>διά</span> 
     </span>
     <span class='ocr_line' id='line_1_3' title="bbox 171 740 1295 826; baseline -0.003 -24"><span class='ocrx_word' id='word_1_18' title='bbox 171 745 223 816; x_wconf 84' lang='grc' dir='ltr'>τήν</span> <span class='ocrx_word' id='word_1_19' title='bbox 240 742 341 824; x_wconf 89' lang='grc' dir='ltr'>γένεσιν</span> <span class='ocrx_word' id='word_1_20' title='bbox 361 751 564 821; x_wconf 84' lang='grc' dir='ltr'>συμμεμυκυῖαι</span> <span class='ocrx_word' id='word_1_21' title='bbox 581 747 661 819; x_wconf 80' lang='grc' dir='ltr'>ἦσαν,</span> <span class='ocrx_word' id='word_1_22' title='bbox 675 740 791 826; x_wconf 71' lang='grc' dir='ltr'>ἤρξαντο</span> <span class='ocrx_word' id='word_1_23' title='bbox 812 743 970 825; x_wconf 82' lang='grc' dir='ltr'>εθρόνεσθαι</span> <span class='ocrx_word' id='word_1_24' title='bbox 989 744 1040 802; x_wconf 80' lang='grc' dir='ltr'>ὑπὸ</span> <span class='ocrx_word' id='word_1_25' title='bbox 1059 742 1230 824; x_wconf 59' lang='grc' dir='ltr'>θερμότητος</span> <span class='ocrx_word' id='word_1_26' title='bbox 1249 742 1295 802; x_wconf 80' lang='grc' dir='ltr'>καὶ</span> 
     </span>
     <span class='ocr_line' id='line_1_4' title="bbox 172 841 572 924; baseline 0 -23"><span class='ocrx_word' id='word_1_27' title='bbox 172 851 222 916; x_wconf 82' lang='grc' dir='ltr'>τῆς</span> <span class='ocrx_word' id='word_1_28' title='bbox 235 842 378 923; x_wconf 87' lang='grc' dir='ltr'>ἀναγωγοῦ</span> <span class='ocrx_word' id='word_1_29' title='bbox 393 841 546 921; x_wconf 88' lang='grc' dir='ltr'>δυνάμεως.</span> <span class='ocrx_word' id='word_1_30' title='bbox 567 844 572 924; x_wconf 86' lang='grc' dir='ltr'>Ι</span> 
     </span>
    </p>
   </div>
   <div class='ocr_carea' id='block_1_3' title="bbox 73 997 954 1084">
    <p class='ocr_par' dir='ltr' id='par_1_3' title="bbox 73 997 954 1084">
     <span class='ocr_line' id='line_1_5' title="bbox 73 997 954 1084; baseline 0.006 -30"><span class='ocrx_word' id='word_1_31' title='bbox 73 1001 156 1069; x_wconf 83' lang='grc' dir='ltr'>ρ.161</span> <span class='ocrx_word' id='word_1_32' title='bbox 213 997 268 1080; x_wconf 82' lang='grc' dir='ltr'>κγ’.</span> <span class='ocrx_word' id='word_1_33' title='bbox 292 997 521 1082; x_wconf 84' lang='grc' dir='ltr'>Ἐπιρρυεέσης</span> <span class='ocrx_word' id='word_1_34' title='bbox 542 999 575 1060; x_wconf 75' lang='grc' dir='ltr'>δέ</span> <span class='ocrx_word' id='word_1_35' title='bbox 594 1009 655 1074; x_wconf 88' lang='grc' dir='ltr'>τῆς</span> <span class='ocrx_word' id='word_1_36' title='bbox 675 1001 814 1084; x_wconf 83' lang='grc' dir='ltr'>τρορῆς]</span> <span class='ocrx_word' id='word_1_37' title='bbox 835 1001 892 1062; x_wconf 98' lang='grc'>251</span> <span class='ocrx_word' id='word_1_38' title='bbox 916 1000 954 1060; x_wconf 94' lang='grc' dir='ltr'>Β.</span> 
     </span>
    </p>
   </div>
   <div class='ocr_carea' id='block_1_4' title="bbox 111 1140 1299 2115">
    <p class='ocr_par' dir='ltr' id='par_1_4' title="bbox 111 1140 1299 2115">
     <span class='ocr_line' id='line_1_6' title="bbox 125 1140 1296 1227; baseline -0.003 -21"><span class='ocrx_word' id='word_1_39' title='bbox 125 1157 141 1206; x_wconf 88' lang='grc'>5</span> <span class='ocrx_word' id='word_1_40' title='bbox 214 1151 338 1212; x_wconf 79' lang='grc' dir='ltr'>Φυσικῶς</span> <span class='ocrx_word' id='word_1_41' title='bbox 353 1140 411 1227; x_wconf 78' lang='grc' dir='ltr'>ἔχει</span> <span class='ocrx_word' id='word_1_42' title='bbox 424 1151 496 1203; x_wconf 81' lang='grc' dir='ltr'>πᾶσα</span> <span class='ocrx_word' id='word_1_43' title='bbox 510 1147 584 1227; x_wconf 76' lang='grc' dir='ltr'>ψυχὴ</span> <span class='ocrx_word' id='word_1_44' title='bbox 601 1145 757 1226; x_wconf 83' lang='grc' dir='ltr'>ἀνθρωπένη</span> <span class='ocrx_word' id='word_1_45' title='bbox 770 1144 802 1202; x_wconf 84' lang='grc' dir='ltr'>τὸ</span> <span class='ocrx_word' id='word_1_46' title='bbox 819 1143 974 1224; x_wconf 78' lang='grc' dir='ltr'>ἀνάγεσθαι·</span> <span class='ocrx_word' id='word_1_47' title='bbox 990 1150 1072 1202; x_wconf 82' lang='grc' dir='ltr'>τοῦτο</span> <span class='ocrx_word' id='word_1_48' title='bbox 1090 1142 1137 1202; x_wconf 75' lang='grc' dir='ltr'>οὖν</span> <span class='ocrx_word' id='word_1_49' title='bbox 1155 1143 1227 1224; x_wconf 81' lang='grc' dir='ltr'>λέγει</span> <span class='ocrx_word' id='word_1_50' title='bbox 1247 1147 1296 1217; x_wconf 80' lang='grc' dir='ltr'>τήν</span> 
     </span>
     <span class='ocr_line' id='line_1_7' title="bbox 173 1227 1297 1323; baseline -0.001 -21"><span class='ocrx_word' id='word_1_51' title='bbox 173 1242 285 1320; x_wconf 70' lang='grc' dir='ltr'>δύναμιν</span> <span class='ocrx_word' id='word_1_52' title='bbox 300 1243 384 1316; x_wconf 81' lang='grc' dir='ltr'>αὐτῆς</span> <span class='ocrx_word' id='word_1_53' title='bbox 401 1245 451 1316; x_wconf 76' lang='grc' dir='ltr'>τὴν</span> <span class='ocrx_word' id='word_1_54' title='bbox 469 1243 530 1302; x_wconf 90' lang='grc' dir='ltr'>τότε</span> <span class='ocrx_word' id='word_1_55' title='bbox 550 1243 577 1302; x_wconf 86' lang='grc' dir='ltr'>έν</span> <span class='ocrx_word' id='word_1_56' title='bbox 592 1243 671 1322; x_wconf 82' lang='grc' dir='ltr'>βάθει</span> <span class='ocrx_word' id='word_1_57' title='bbox 688 1244 881 1323; x_wconf 89' lang='grc' dir='ltr'>κεκρυμμένην</span> <span class='ocrx_word' id='word_1_58' title='bbox 895 1243 940 1300; x_wconf 84' lang='grc' dir='ltr'>καὶ</span> <span class='ocrx_word' id='word_1_59' title='bbox 954 1240 1097 1323; x_wconf 78' lang='grc' dir='ltr'>ἀνέργειαν.</span> <span class='ocrx_word' id='word_1_60' title='bbox 1112 1278 1151 1287; x_wconf 93' lang='lat'>-</span> <span class='ocrx_word' id='word_1_61' title='bbox 1164 1227 1297 1316; x_wconf 77' lang='grc' dir='ltr'>Ὤιδησε</span> 
     </span>
     <span class='ocr_line' id='line_1_8' title="bbox 173 1339 1295 1422; baseline -0.004 -21"><span class='ocrx_word' id='word_1_62' title='bbox 173 1344 218 1401; x_wconf 82' lang='grc' dir='ltr'>καὶ</span> <span class='ocrx_word' id='word_1_63' title='bbox 231 1341 333 1417; x_wconf 74' lang='grc' dir='ltr'>ηὔξησε</span> <span class='ocrx_word' id='word_1_64' title='bbox 346 1344 392 1400; x_wconf 84' lang='grc' dir='ltr'>καὶ</span> <span class='ocrx_word' id='word_1_65' title='bbox 405 1342 443 1407; x_wconf 78' lang='grc' dir='ltr'>εἰς</span> <span class='ocrx_word' id='word_1_66' title='bbox 460 1339 520 1419; x_wconf 75' lang='grc' dir='ltr'>ὄψιν</span> <span class='ocrx_word' id='word_1_67' title='bbox 533 1339 635 1422; x_wconf 70' lang='grc' dir='ltr'>ἤγαγεν</span> <span class='ocrx_word' id='word_1_68' title='bbox 651 1344 669 1414; x_wconf 79' lang='grc' dir='ltr'><strong>ἡ</strong></span> <span class='ocrx_word' id='word_1_69' title='bbox 686 1341 749 1420; x_wconf 74' lang='grc' dir='ltr'>ρέζα</span> <span class='ocrx_word' id='word_1_70' title='bbox 766 1342 812 1399; x_wconf 84' lang='grc' dir='ltr'>καὶ</span> <span class='ocrx_word' id='word_1_71' title='bbox 830 1343 845 1399; x_wconf 95' lang='grc' dir='ltr'>ό</span> <span class='ocrx_word' id='word_1_72' title='bbox 866 1348 924 1400; x_wconf 81' lang='grc' dir='ltr'>τοῦ</span> <span class='ocrx_word' id='word_1_73' title='bbox 940 1348 1064 1422; x_wconf 80' lang='grc' dir='ltr'>πτεροῦ</span> <span class='ocrx_word' id='word_1_74' title='bbox 1078 1340 1202 1406; x_wconf 83' lang='grc' dir='ltr'>καυλὸς</span> <span class='ocrx_word' id='word_1_75' title='bbox 1217 1342 1262 1400; x_wconf 82' lang='grc' dir='ltr'>καὶ</span> <span class='ocrx_word' id='word_1_76' title='bbox 1277 1345 1295 1414; x_wconf 81' lang='grc' dir='ltr'>ἡ</span> 
     </span>
     <span class='ocr_line' id='line_1_9' title="bbox 173 1437 1296 1522; baseline -0.002 -24"><span class='ocrx_word' id='word_1_77' title='bbox 173 1440 313 1520; x_wconf 86' lang='grc' dir='ltr'>ἀναγωγός</span> <span class='ocrx_word' id='word_1_78' title='bbox 337 1438 449 1517; x_wconf 75' lang='grc' dir='ltr'>δύναμις</span> <span class='ocrx_word' id='word_1_79' title='bbox 475 1439 631 1513; x_wconf 74' lang='grc' dir='ltr'>ἀνεκινήθη.</span> <span class='ocrx_word' id='word_1_80' title='bbox 652 1472 691 1484; x_wconf 97' lang='grc'>-</span> <span class='ocrx_word' id='word_1_81' title='bbox 712 1437 785 1497; x_wconf 73' lang='grc' dir='ltr'>’Υπδ</span> <span class='ocrx_word' id='word_1_82' title='bbox 808 1445 869 1496; x_wconf 76' lang='grc' dir='ltr'>πᾶν</span> <span class='ocrx_word' id='word_1_83' title='bbox 890 1440 925 1497; x_wconf 85' lang='grc' dir='ltr'>τὸ</span> <span class='ocrx_word' id='word_1_84' title='bbox 949 1447 1005 1511; x_wconf 78' lang='grc' dir='ltr'>τῆς</span> <span class='ocrx_word' id='word_1_85' title='bbox 1029 1443 1144 1522; x_wconf 75' lang='grc' dir='ltr'>ψυχῆς,</span> <span class='ocrx_word' id='word_1_86' title='bbox 1167 1439 1225 1497; x_wconf 83' lang='grc' dir='ltr'>ἀντὶ</span> <span class='ocrx_word' id='word_1_87' title='bbox 1249 1441 1296 1496; x_wconf 79' lang='grc' dir='ltr'>τοῦ</span> 
     </span>
     <span class='ocr_line' id='line_1_10' title="bbox 172 1534 1297 1620; baseline -0.003 -23"><span class='ocrx_word' id='word_1_88' title='bbox 172 1546 255 1598; x_wconf 81' lang='grc' dir='ltr'>πᾶσα·</span> <span class='ocrx_word' id='word_1_89' title='bbox 274 1538 305 1597; x_wconf 80' lang='grc' dir='ltr'>οδ</span> <span class='ocrx_word' id='word_1_90' title='bbox 318 1538 368 1620; x_wconf 87' lang='grc' dir='ltr'>γάρ</span> <span class='ocrx_word' id='word_1_91' title='bbox 381 1540 412 1596; x_wconf 85' lang='grc' dir='ltr'>τὸ</span> <span class='ocrx_word' id='word_1_92' title='bbox 430 1539 479 1615; x_wconf 73' lang='grc' dir='ltr'>μέν</span> <span class='ocrx_word' id='word_1_93' title='bbox 494 1537 580 1612; x_wconf 76' lang='grc' dir='ltr'>αὐτῆς</span> <span class='ocrx_word' id='word_1_94' title='bbox 595 1538 732 1618; x_wconf 75' lang='grc' dir='ltr'>ἀνάγεται,</span> <span class='ocrx_word' id='word_1_95' title='bbox 745 1537 776 1594; x_wconf 84' lang='grc' dir='ltr'>τὸ</span> <span class='ocrx_word' id='word_1_96' title='bbox 792 1534 821 1594; x_wconf 70' lang='grc' dir='ltr'>δέ</span> <span class='ocrx_word' id='word_1_97' title='bbox 833 1535 876 1610; x_wconf 82' lang='grc' dir='ltr'>οὕ,</span> <span class='ocrx_word' id='word_1_98' title='bbox 893 1534 967 1594; x_wconf 81' lang='grc' dir='ltr'>ἀλλά</span> <span class='ocrx_word' id='word_1_99' title='bbox 980 1543 1063 1598; x_wconf 70' lang='grc' dir='ltr'>πᾶσα.</span> <span class='ocrx_word' id='word_1_100' title='bbox 1080 1572 1120 1584; x_wconf 94' lang='grc'>-</span> <span class='ocrx_word' id='word_1_101' title='bbox 1132 1543 1222 1595; x_wconf 79' lang='grc' dir='ltr'>Πᾶσα</span> <span class='ocrx_word' id='word_1_102' title='bbox 1236 1539 1297 1617; x_wconf 84' lang='grc' dir='ltr'>γὰρ</span> 
     </span>
     <span class='ocr_line' id='line_1_11' title="bbox 111 1634 1298 1720; baseline -0.004 -21"><span class='ocrx_word' id='word_1_103' title='bbox 111 1649 143 1700; x_wconf 83' lang='grc'>10</span> <span class='ocrx_word' id='word_1_104' title='bbox 173 1639 224 1710; x_wconf 75' lang='grc' dir='ltr'>ἦν·</span> <span class='ocrx_word' id='word_1_105' title='bbox 245 1638 303 1695; x_wconf 83' lang='grc' dir='ltr'>ἀντὶ</span> <span class='ocrx_word' id='word_1_106' title='bbox 317 1643 376 1695; x_wconf 81' lang='grc' dir='ltr'>τοῦ·</span> <span class='ocrx_word' id='word_1_107' title='bbox 398 1637 458 1720; x_wconf 77' lang='grc' dir='ltr'>εἶχε</span> <span class='ocrx_word' id='word_1_108' title='bbox 476 1639 524 1703; x_wconf 78' lang='grc' dir='ltr'>τὰς</span> <span class='ocrx_word' id='word_1_109' title='bbox 541 1636 700 1717; x_wconf 77' lang='grc' dir='ltr'>ἀναγωγοὶις</span> <span class='ocrx_word' id='word_1_110' title='bbox 720 1634 858 1711; x_wconf 81' lang='grc' dir='ltr'>δυνάμεις.</span> <span class='ocrx_word' id='word_1_111' title='bbox 873 1670 912 1681; x_wconf 90' lang='grc'>-</span> <span class='ocrx_word' id='word_1_112' title='bbox 925 1637 960 1695; x_wconf 85' lang='grc' dir='ltr'>Τὸ</span> <span class='ocrx_word' id='word_1_113' title='bbox 976 1635 1005 1694; x_wconf 74' lang='grc' dir='ltr'>δέ</span> <span class='ocrx_word' id='word_1_114' title='bbox 1020 1638 1060 1705; x_wconf 81' lang='grc' dir='ltr'>ζεῖ</span> <span class='ocrx_word' id='word_1_115' title='bbox 1074 1635 1132 1695; x_wconf 77' lang='grc' dir='ltr'>οὖν·</span> <span class='ocrx_word' id='word_1_116' title='bbox 1153 1637 1243 1717; x_wconf 82' lang='grc' dir='ltr'>ὥσπερ</span> <span class='ocrx_word' id='word_1_117' title='bbox 1258 1635 1272 1694; x_wconf 86' lang='grc' dir='ltr'>έ</span> <span class='ocrx_word' id='word_1_118' title='bbox 1286 1671 1298 1681; x_wconf 91' lang='grc'>-</span> 
     </span>
     <span class='ocr_line' id='line_1_12' title="bbox 174 1731 1297 1818; baseline -0.002 -24"><span class='ocrx_word' id='word_1_119' title='bbox 174 1739 261 1794; x_wconf 82' lang='grc' dir='ltr'>ταῦθα</span> <span class='ocrx_word' id='word_1_120' title='bbox 277 1737 308 1794; x_wconf 88' lang='grc' dir='ltr'>τὸ</span> <span class='ocrx_word' id='word_1_121' title='bbox 328 1737 387 1804; x_wconf 81' lang='grc' dir='ltr'>ζέον</span> <span class='ocrx_word' id='word_1_122' title='bbox 404 1736 436 1793; x_wconf 86' lang='grc' dir='ltr'>τό</span> <span class='ocrx_word' id='word_1_123' title='bbox 455 1731 595 1817; x_wconf 73' lang='grc' dir='ltr'>δπερόολῇ</span> <span class='ocrx_word' id='word_1_124' title='bbox 615 1735 718 1816; x_wconf 58' lang='grc' dir='ltr'>θερμὸν</span> <span class='ocrx_word' id='word_1_125' title='bbox 735 1734 883 1811; x_wconf 76' lang='grc' dir='ltr'>ἀκούομεν,</span> <span class='ocrx_word' id='word_1_126' title='bbox 903 1735 975 1793; x_wconf 75' lang='grc' dir='ltr'>οὕτω</span> <span class='ocrx_word' id='word_1_127' title='bbox 994 1736 1039 1792; x_wconf 81' lang='grc' dir='ltr'>καὶ</span> <span class='ocrx_word' id='word_1_128' title='bbox 1059 1734 1103 1793; x_wconf 82' lang='grc' dir='ltr'>έπὶ</span> <span class='ocrx_word' id='word_1_129' title='bbox 1120 1739 1212 1818; x_wconf 80' lang='grc' dir='ltr'>ψυχῆς</span> <span class='ocrx_word' id='word_1_130' title='bbox 1227 1735 1297 1804; x_wconf 82' lang='grc' dir='ltr'>ζέσιν</span> 
     </span>
     <span class='ocr_line' id='line_1_13' title="bbox 175 1829 1296 1916; baseline -0.002 -24"><span class='ocrx_word' id='word_1_131' title='bbox 175 1835 288 1915; x_wconf 82' lang='grc' dir='ltr'>λέγομεν</span> <span class='ocrx_word' id='word_1_132' title='bbox 300 1836 349 1907; x_wconf 73' lang='grc' dir='ltr'>την</span> <span class='ocrx_word' id='word_1_133' title='bbox 361 1829 514 1915; x_wconf 81' lang='grc' dir='ltr'>όπερόολήν</span> <span class='ocrx_word' id='word_1_134' title='bbox 527 1843 576 1907; x_wconf 75' lang='grc' dir='ltr'>τῆς</span> <span class='ocrx_word' id='word_1_135' title='bbox 593 1832 709 1916; x_wconf 83' lang='grc' dir='ltr'>έρέσεως</span> <span class='ocrx_word' id='word_1_136' title='bbox 723 1841 773 1906; x_wconf 85' lang='grc' dir='ltr'>τῆς</span> <span class='ocrx_word' id='word_1_137' title='bbox 789 1833 947 1913; x_wconf 78' lang='grc' dir='ltr'>ἀναγωγοῦ·</span> <span class='ocrx_word' id='word_1_138' title='bbox 968 1835 1017 1902; x_wconf 82' lang='grc' dir='ltr'>ζεῖ</span> <span class='ocrx_word' id='word_1_139' title='bbox 1038 1833 1192 1892; x_wconf 73' lang='grc' dir='ltr'>οὖντοῦτο</span> <span class='ocrx_word' id='word_1_140' title='bbox 1211 1833 1296 1913; x_wconf 87' lang='grc' dir='ltr'>λέγει,</span> 
     </span>
     <span class='ocr_line' id='line_1_14' title="bbox 176 1928 1299 2016; baseline -0.002 -24"><span class='ocrx_word' id='word_1_141' title='bbox 176 1936 296 2007; x_wconf 84' lang='grc' dir='ltr'>τουτέστι</span> <span class='ocrx_word' id='word_1_142' title='bbox 314 1928 497 2016; x_wconf 76' lang='grc' dir='ltr'>σροδροτάτην</span> <span class='ocrx_word' id='word_1_143' title='bbox 516 1929 574 2016; x_wconf 80' lang='grc' dir='ltr'>ἔχει</span> <span class='ocrx_word' id='word_1_144' title='bbox 591 1935 643 2005; x_wconf 84' lang='grc' dir='ltr'>τὴν</span> <span class='ocrx_word' id='word_1_145' title='bbox 662 1931 750 2016; x_wconf 79' lang='grc' dir='ltr'>έρεσιν</span> <span class='ocrx_word' id='word_1_146' title='bbox 767 1935 812 1990; x_wconf 85' lang='grc' dir='ltr'>καὶ</span> <span class='ocrx_word' id='word_1_147' title='bbox 830 1935 879 2006; x_wconf 80' lang='grc' dir='ltr'>τήν</span> <span class='ocrx_word' id='word_1_148' title='bbox 898 1935 987 2014; x_wconf 80' lang='grc' dir='ltr'>όρμήν</span> <span class='ocrx_word' id='word_1_149' title='bbox 1004 1935 1054 2006; x_wconf 83' lang='grc' dir='ltr'>τήν</span> <span class='ocrx_word' id='word_1_150' title='bbox 1073 1933 1117 2015; x_wconf 84' lang='grc' dir='ltr'>ἐπὶ</span> <span class='ocrx_word' id='word_1_151' title='bbox 1130 1934 1164 1990; x_wconf 82' lang='grc' dir='ltr'>τόι</span> <span class='ocrx_word' id='word_1_152' title='bbox 1178 1930 1243 1993; x_wconf 87' lang='grc' dir='ltr'>ἀνω.</span> <span class='ocrx_word' id='word_1_153' title='bbox 1259 1968 1299 1978; x_wconf 93' lang='lat'><em>-</em></span> 
     </span>
     <span class='ocr_line' id='line_1_15' title="bbox 177 2026 1295 2115; baseline -0.002 -24"><span class='ocrx_word' id='word_1_154' title='bbox 177 2032 375 2112; x_wconf 78' lang='grc' dir='ltr'>Ἀνακηκόει,</span> <span class='ocrx_word' id='word_1_155' title='bbox 388 2033 523 2092; x_wconf 84' lang='grc' dir='ltr'>τουτέστιν</span> <span class='ocrx_word' id='word_1_156' title='bbox 534 2030 657 2107; x_wconf 73' lang='grc' dir='ltr'>ἀναπηδᾷ</span> <span class='ocrx_word' id='word_1_157' title='bbox 671 2033 717 2089; x_wconf 86' lang='grc' dir='ltr'>καὶ</span> <span class='ocrx_word' id='word_1_158' title='bbox 730 2031 850 2106; x_wconf 77' lang='grc' dir='ltr'>ἐνθουσιᾷ</span> <span class='ocrx_word' id='word_1_159' title='bbox 864 2032 910 2090; x_wconf 90' lang='grc' dir='ltr'>καὶ</span> <span class='ocrx_word' id='word_1_160' title='bbox 924 2026 1131 2115; x_wconf 79' lang='grc' dir='ltr'>έκόακχεόεται·</span> <span class='ocrx_word' id='word_1_161' title='bbox 1144 2034 1158 2089; x_wconf 91' lang='grc' dir='ltr'>ό</span> <span class='ocrx_word' id='word_1_162' title='bbox 1169 2033 1295 2105; x_wconf 77' lang='grc' dir='ltr'>ποιητός·</span> 
     </span>
    </p>
   </div>
   <div class='ocr_carea' id='block_1_5' title="bbox 114 2194 876 2280">
    <p class='ocr_par' dir='ltr' id='par_1_5' title="bbox 114 2194 876 2280">
     <span class='ocr_line' id='line_1_16' title="bbox 114 2194 876 2280; baseline 0.001 -23"><span class='ocrx_word' id='word_1_163' title='bbox 114 2202 145 2257; x_wconf 82' lang='grc'>15</span> <span class='ocrx_word' id='word_1_164' title='bbox 473 2195 558 2261; x_wconf 76' lang='grc' dir='ltr'>πολὺς</span> <span class='ocrx_word' id='word_1_165' title='bbox 579 2194 602 2256; x_wconf 91' lang='grc' dir='ltr'>δ’</span> <span class='ocrx_word' id='word_1_166' title='bbox 620 2195 763 2270; x_wconf 73' lang='grc' dir='ltr'>ἀνεκήκιεν</span> <span class='ocrx_word' id='word_1_167' title='bbox 782 2195 876 2280; x_wconf 79' lang='grc' dir='ltr'>ἱδρώς.</span> 
     </span>
    </p>
   </div>
   <div class='ocr_carea' id='block_1_6' title="bbox 217 2341 1051 2456">
    <p class='ocr_par' dir='ltr' id='par_1_6' title="bbox 217 2341 1051 2456">
     <span class='ocr_line' id='line_1_17' title="bbox 217 2341 1051 2456; baseline 0.004 -25"><span class='ocrx_word' id='word_1_168' title='bbox 217 2371 269 2434; x_wconf 78' lang='grc' dir='ltr'>κδ’.</span> <span class='ocrx_word' id='word_1_169' title='bbox 292 2372 349 2432; x_wconf 77' lang='grc' dir='ltr'>Καὶ</span> <span class='ocrx_word' id='word_1_170' title='bbox 371 2371 450 2453; x_wconf 86' lang='grc' dir='ltr'>όπερ</span> <span class='ocrx_word' id='word_1_171' title='bbox 470 2372 505 2430; x_wconf 89' lang='grc' dir='ltr'>τὸ</span> <span class='ocrx_word' id='word_1_172' title='bbox 526 2378 590 2431; x_wconf 85' lang='grc' dir='ltr'>τῶν</span> <span class='ocrx_word' id='word_1_173' title='bbox 612 2341 914 2456; x_wconf 83' lang='grc' dir='ltr'>όδοντορυοόντων]</span> <span class='ocrx_word' id='word_1_174' title='bbox 934 2375 992 2436; x_wconf 93' lang='grc'>251</span> <span class='ocrx_word' id='word_1_175' title='bbox 1015 2372 1051 2435; x_wconf 86' lang='lat' dir='ltr'>C.</span> 
     </span>
    </p>
   </div>
   <div class='ocr_carea' id='block_1_7' title="bbox 114 2514 1301 3089">
    <p class='ocr_par' dir='ltr' id='par_1_7' title="bbox 176 2514 1301 2799">
     <span class='ocr_line' id='line_1_18' title="bbox 218 2514 1300 2602; baseline 0.006 -29"><span class='ocrx_word' id='word_1_176' title='bbox 218 2514 332 2597; x_wconf 79' lang='grc' dir='ltr'>Ὠσπερ,</span> <span class='ocrx_word' id='word_1_177' title='bbox 353 2515 431 2599; x_wconf 75' lang='grc' dir='ltr'>ρησὶ,</span> <span class='ocrx_word' id='word_1_178' title='bbox 447 2516 508 2598; x_wconf 83' lang='grc' dir='ltr'>περὶ</span> <span class='ocrx_word' id='word_1_179' title='bbox 526 2517 577 2587; x_wconf 74' lang='grc' dir='ltr'>τὴν</span> <span class='ocrx_word' id='word_1_180' title='bbox 597 2516 687 2600; x_wconf 75' lang='grc' dir='ltr'>ἀρχὴν</span> <span class='ocrx_word' id='word_1_181' title='bbox 704 2525 752 2590; x_wconf 82' lang='grc' dir='ltr'>τῆς</span> <span class='ocrx_word' id='word_1_182' title='bbox 767 2517 901 2601; x_wconf 83' lang='grc' dir='ltr'>έκρόσεως</span> <span class='ocrx_word' id='word_1_183' title='bbox 916 2524 970 2577; x_wconf 80' lang='grc' dir='ltr'>τῶν</span> <span class='ocrx_word' id='word_1_184' title='bbox 986 2518 1104 2578; x_wconf 80' lang='grc' dir='ltr'>ὀδόντων</span> <span class='ocrx_word' id='word_1_185' title='bbox 1118 2520 1221 2600; x_wconf 76' lang='grc' dir='ltr'>γίνεται</span> <span class='ocrx_word' id='word_1_186' title='bbox 1232 2542 1300 2602; x_wconf 85' lang='grc' dir='ltr'>γαρ·</span> 
     </span>
     <span class='ocr_line' id='line_1_19' title="bbox 176 2612 1301 2700; baseline 0.004 -28"><span class='ocrx_word' id='word_1_187' title='bbox 176 2612 323 2693; x_wconf 83' lang='grc' dir='ltr'>γαλισμδς,</span> <span class='ocrx_word' id='word_1_188' title='bbox 339 2615 385 2673; x_wconf 87' lang='grc' dir='ltr'>τὸν</span> <span class='ocrx_word' id='word_1_189' title='bbox 400 2614 481 2673; x_wconf 87' lang='grc' dir='ltr'>αιίτδν</span> <span class='ocrx_word' id='word_1_190' title='bbox 496 2614 595 2694; x_wconf 81' lang='grc' dir='ltr'>τρόπον</span> <span class='ocrx_word' id='word_1_191' title='bbox 608 2616 653 2672; x_wconf 87' lang='grc' dir='ltr'>καὶ</span> <span class='ocrx_word' id='word_1_192' title='bbox 666 2618 684 2688; x_wconf 79' lang='grc' dir='ltr'><strong>ἡ</strong></span> <span class='ocrx_word' id='word_1_193' title='bbox 700 2618 775 2698; x_wconf 81' lang='grc' dir='ltr'>ψυχὴ</span> <span class='ocrx_word' id='word_1_194' title='bbox 789 2617 990 2693; x_wconf 70' lang='grc' dir='ltr'>ἀναμνησθεῖσα</span> <span class='ocrx_word' id='word_1_195' title='bbox 1005 2617 1107 2700; x_wconf 78' lang='grc' dir='ltr'>ἐρέεται</span> <span class='ocrx_word' id='word_1_196' title='bbox 1120 2624 1175 2676; x_wconf 79' lang='grc' dir='ltr'>τῶν</span> <span class='ocrx_word' id='word_1_197' title='bbox 1186 2617 1241 2678; x_wconf 80' lang='grc' dir='ltr'>ἀνω</span> <span class='ocrx_word' id='word_1_198' title='bbox 1255 2620 1301 2677; x_wconf 80' lang='grc' dir='ltr'>καὶ</span> 
     </span>
     <span class='ocr_line' id='line_1_20' title="bbox 177 2711 1299 2799; baseline 0.004 -27"><span class='ocrx_word' id='word_1_199' title='bbox 177 2715 294 2793; x_wconf 71' lang='grc' dir='ltr'>ἠρεμεῖν</span> <span class='ocrx_word' id='word_1_200' title='bbox 307 2712 357 2771; x_wconf 86' lang='grc' dir='ltr'>οόκ</span> <span class='ocrx_word' id='word_1_201' title='bbox 370 2713 494 2796; x_wconf 82' lang='grc' dir='ltr'>ἀνέχεται</span> <span class='ocrx_word' id='word_1_202' title='bbox 507 2714 553 2771; x_wconf 84' lang='grc' dir='ltr'>καὶ</span> <span class='ocrx_word' id='word_1_203' title='bbox 567 2711 723 2772; x_wconf 77' lang='grc' dir='ltr'>όδυνάται</span> <span class='ocrx_word' id='word_1_204' title='bbox 739 2715 776 2780; x_wconf 84' lang='grc' dir='ltr'>ὡς</span> <span class='ocrx_word' id='word_1_205' title='bbox 790 2713 829 2773; x_wconf 79' lang='grc' dir='ltr'>ἔτι</span> <span class='ocrx_word' id='word_1_206' title='bbox 842 2717 1015 2799; x_wconf 80' lang='grc' dir='ltr'>κατεχομένη</span> <span class='ocrx_word' id='word_1_207' title='bbox 1032 2716 1155 2790; x_wconf 76' lang='grc' dir='ltr'>ἐνταῦθα,</span> <span class='ocrx_word' id='word_1_208' title='bbox 1172 2716 1299 2799; x_wconf 81' lang='grc' dir='ltr'>ἀριεμένη</span> 
     </span>
    </p>

    <p class='ocr_par' dir='ltr' id='par_1_8' title="bbox 114 2808 1301 3089">
     <span class='ocr_line' id='line_1_21' title="bbox 114 2808 1300 2896; baseline 0.007 -33"><span class='ocrx_word' id='word_1_209' title='bbox 114 2811 148 2863; x_wconf 74' lang='lat'>20</span> <span class='ocrx_word' id='word_1_210' title='bbox 179 2808 208 2869; x_wconf 80' lang='grc' dir='ltr'>δέ</span> <span class='ocrx_word' id='word_1_211' title='bbox 225 2809 346 2872; x_wconf 75' lang='grc' dir='ltr'>ἐκείνων.</span> <span class='ocrx_word' id='word_1_212' title='bbox 364 2846 404 2857; x_wconf 93' lang='grc'>-</span> <span class='ocrx_word' id='word_1_213' title='bbox 422 2809 491 2891; x_wconf 73' lang='grc' dir='ltr'>’θρα</span> <span class='ocrx_word' id='word_1_214' title='bbox 506 2809 535 2869; x_wconf 72' lang='grc' dir='ltr'>δέ</span> <span class='ocrx_word' id='word_1_215' title='bbox 548 2810 645 2878; x_wconf 87' lang='grc' dir='ltr'>πόσαις</span> <span class='ocrx_word' id='word_1_216' title='bbox 661 2821 829 2895; x_wconf 85' lang='grc' dir='ltr'>μεταρσραῖς</span> <span class='ocrx_word' id='word_1_217' title='bbox 849 2813 987 2896; x_wconf 77' lang='grc' dir='ltr'>ἐχρήσατο</span> <span class='ocrx_word' id='word_1_218' title='bbox 1007 2815 1022 2871; x_wconf 90' lang='grc' dir='ltr'>ό</span> <span class='ocrx_word' id='word_1_219' title='bbox 1041 2813 1169 2872; x_wconf 67' lang='grc' dir='ltr'>Πλάτων·</span> <span class='ocrx_word' id='word_1_220' title='bbox 1185 2819 1232 2871; x_wconf 80' lang='grc' dir='ltr'>νῦν</span> <span class='ocrx_word' id='word_1_221' title='bbox 1247 2815 1300 2871; x_wconf 84' lang='grc' dir='ltr'>ἀπὸ</span> 
     </span>
     <span class='ocr_line' id='line_1_22' title="bbox 178 2906 1301 2993; baseline 0.001 -25"><span class='ocrx_word' id='word_1_222' title='bbox 178 2917 228 2982; x_wconf 86' lang='grc' dir='ltr'>τῆς</span> <span class='ocrx_word' id='word_1_223' title='bbox 246 2907 432 2993; x_wconf 80' lang='grc' dir='ltr'>όδοντορυόας,</span> <span class='ocrx_word' id='word_1_224' title='bbox 452 2910 578 2991; x_wconf 83' lang='grc' dir='ltr'>ἀνωτέρω</span> <span class='ocrx_word' id='word_1_225' title='bbox 595 2911 647 2968; x_wconf 86' lang='grc' dir='ltr'>ἀπὸ</span> <span class='ocrx_word' id='word_1_226' title='bbox 663 2917 717 2969; x_wconf 86' lang='grc' dir='ltr'>τῶν</span> <span class='ocrx_word' id='word_1_227' title='bbox 736 2906 861 2985; x_wconf 76' lang='grc' dir='ltr'>λεόητων</span> <span class='ocrx_word' id='word_1_228' title='bbox 880 2911 926 2972; x_wconf 84' lang='grc' dir='ltr'>δ’τε</span> <span class='ocrx_word' id='word_1_229' title='bbox 944 2908 1020 2992; x_wconf 81' lang='grc' dir='ltr'>έλεγε</span> <span class='ocrx_word' id='word_1_230' title='bbox 1038 2915 1092 2990; x_wconf 78' lang='grc' dir='ltr'>ζεῖ,</span> <span class='ocrx_word' id='word_1_231' title='bbox 1113 2913 1158 2970; x_wconf 77' lang='grc' dir='ltr'>καὶ</span> <span class='ocrx_word' id='word_1_232' title='bbox 1176 2912 1228 2970; x_wconf 84' lang='grc' dir='ltr'>ἀπὸ</span> <span class='ocrx_word' id='word_1_233' title='bbox 1246 2918 1301 2970; x_wconf 81' lang='grc' dir='ltr'>τῶν</span> 
     </span>
     <span class='ocr_line' id='line_1_23' title="bbox 178 3007 683 3089; baseline 0 -21"><span class='ocrx_word' id='word_1_234' title='bbox 178 3008 346 3089; x_wconf 82' lang='grc' dir='ltr'>τετραπόδων</span> <span class='ocrx_word' id='word_1_235' title='bbox 359 3009 405 3066; x_wconf 77' lang='grc' dir='ltr'>καὶ</span> <span class='ocrx_word' id='word_1_236' title='bbox 419 3014 473 3066; x_wconf 79' lang='grc' dir='ltr'>τῶν</span> <span class='ocrx_word' id='word_1_237' title='bbox 486 3007 582 3067; x_wconf 81' lang='grc' dir='ltr'>ἀλλων</span> <span class='ocrx_word' id='word_1_238' title='bbox 597 3009 683 3069; x_wconf 75' lang='grc' dir='ltr'>εἶπεν.</span> 
     </span>
    </p>
   </div>
   <div class='ocr_carea' id='block_1_8' title="bbox 218 3166 697 3252">
    <p class='ocr_par' dir='ltr' id='par_1_9' title="bbox 218 3166 697 3252">
     <span class='ocr_line' id='line_1_24' title="bbox 218 3166 697 3252; baseline 0.004 -26"><span class='ocrx_word' id='word_1_239' title='bbox 218 3166 269 3230; x_wconf 87' lang='grc' dir='ltr'>κε’.</span> <span class='ocrx_word' id='word_1_240' title='bbox 292 3166 388 3227; x_wconf 79' lang='grc' dir='ltr'>Ὅταν</span> <span class='ocrx_word' id='word_1_241' title='bbox 410 3169 468 3245; x_wconf 77' lang='grc' dir='ltr'>μὲν</span> <span class='ocrx_word' id='word_1_242' title='bbox 489 3167 557 3252; x_wconf 79' lang='grc' dir='ltr'>οὗν]</span> <span class='ocrx_word' id='word_1_243' title='bbox 580 3170 637 3230; x_wconf 88' lang='grc'>251</span> <span class='ocrx_word' id='word_1_244' title='bbox 660 3167 697 3230; x_wconf 89' lang='lat' dir='ltr'>C.</span> 
     </span>
    </p>
   </div>
   <div class='ocr_carea' id='block_1_9' title="bbox 117 3313 1304 3988">
    <p class='ocr_par' dir='ltr' id='par_1_10' title="bbox 219 3313 1301 3396">
     <span class='ocr_line' id='line_1_25' title="bbox 219 3313 1301 3396; baseline 0.001 -25"><span class='ocrx_word' id='word_1_245' title='bbox 219 3314 282 3395; x_wconf 82' lang='grc' dir='ltr'>Περὶ</span> <span class='ocrx_word' id='word_1_246' title='bbox 296 3321 347 3386; x_wconf 81' lang='grc' dir='ltr'>τῆς</span> <span class='ocrx_word' id='word_1_247' title='bbox 358 3313 503 3394; x_wconf 76' lang='grc' dir='ltr'>ἀναγωγῆς</span> <span class='ocrx_word' id='word_1_248' title='bbox 517 3322 566 3386; x_wconf 83' lang='grc' dir='ltr'>τῆς</span> <span class='ocrx_word' id='word_1_249' title='bbox 582 3319 673 3396; x_wconf 76' lang='grc' dir='ltr'>ψυχῆς</span> <span class='ocrx_word' id='word_1_250' title='bbox 689 3313 759 3372; x_wconf 87' lang='grc' dir='ltr'>έστιν</span> <span class='ocrx_word' id='word_1_251' title='bbox 772 3316 787 3372; x_wconf 88' lang='grc' dir='ltr'>ό</span> <span class='ocrx_word' id='word_1_252' title='bbox 798 3313 888 3393; x_wconf 82' lang='grc' dir='ltr'>λόγος·</span> <span class='ocrx_word' id='word_1_253' title='bbox 904 3315 950 3373; x_wconf 75' lang='grc' dir='ltr'>καὶ</span> <span class='ocrx_word' id='word_1_254' title='bbox 968 3313 1062 3388; x_wconf 78' lang='grc' dir='ltr'>ἐπειδὴ</span> <span class='ocrx_word' id='word_1_255' title='bbox 1078 3314 1233 3395; x_wconf 84' lang='grc' dir='ltr'>ἀναγομένη</span> <span class='ocrx_word' id='word_1_256' title='bbox 1252 3337 1301 3373; x_wconf 86' lang='grc' dir='ltr'>κα-</span> 
     </span>
    </p>

    <p class='ocr_par' dir='ltr' id='par_1_11' title="bbox 117 3410 1304 3790">
     <span class='ocr_line' id='line_1_26' title="bbox 117 3410 1302 3495; baseline -0.002 -23"><span class='ocrx_word' id='word_1_257' title='bbox 117 3422 148 3472; x_wconf 79' lang='grc'>25</span> <span class='ocrx_word' id='word_1_258' title='bbox 179 3415 289 3494; x_wconf 79' lang='grc' dir='ltr'>τέχεται</span> <span class='ocrx_word' id='word_1_259' title='bbox 303 3412 416 3470; x_wconf 74' lang='grc' dir='ltr'>ἐνταῦθα</span> <span class='ocrx_word' id='word_1_260' title='bbox 428 3413 490 3493; x_wconf 80' lang='grc' dir='ltr'>πρὶν</span> <span class='ocrx_word' id='word_1_261' title='bbox 503 3410 596 3470; x_wconf 87' lang='grc' dir='ltr'>τέλεον</span> <span class='ocrx_word' id='word_1_262' title='bbox 610 3413 727 3494; x_wconf 75' lang='grc' dir='ltr'>ἀναχθῇ,</span> <span class='ocrx_word' id='word_1_263' title='bbox 746 3411 876 3492; x_wconf 74' lang='grc' dir='ltr'>βούλεται</span> <span class='ocrx_word' id='word_1_264' title='bbox 889 3413 979 3495; x_wconf 83' lang='grc' dir='ltr'>ὥσπερ</span> <span class='ocrx_word' id='word_1_265' title='bbox 993 3412 1123 3490; x_wconf 68' lang='grc' dir='ltr'>σύμμιξιν</span> <span class='ocrx_word' id='word_1_266' title='bbox 1137 3411 1241 3486; x_wconf 76' lang='grc' dir='ltr'>ἡδονῆς</span> <span class='ocrx_word' id='word_1_267' title='bbox 1256 3415 1302 3471; x_wconf 82' lang='grc' dir='ltr'>καὶ</span> 
     </span>
     <span class='ocr_line' id='line_1_27' title="bbox 179 3510 1301 3593; baseline 0.002 -25"><span class='ocrx_word' id='word_1_268' title='bbox 179 3511 267 3584; x_wconf 78' lang='grc' dir='ltr'>λόπης</span> <span class='ocrx_word' id='word_1_269' title='bbox 278 3512 373 3587; x_wconf 77' lang='grc' dir='ltr'>εἰπεῖν,</span> <span class='ocrx_word' id='word_1_270' title='bbox 384 3511 430 3568; x_wconf 80' lang='grc' dir='ltr'>καί</span> <span class='ocrx_word' id='word_1_271' title='bbox 443 3533 524 3593; x_wconf 84' lang='grc' dir='ltr'>ρησιν</span> <span class='ocrx_word' id='word_1_272' title='bbox 539 3510 580 3569; x_wconf 83' lang='grc' dir='ltr'>ότι</span> <span class='ocrx_word' id='word_1_273' title='bbox 592 3511 669 3569; x_wconf 88' lang='grc' dir='ltr'>όταν</span> <span class='ocrx_word' id='word_1_274' title='bbox 684 3513 742 3587; x_wconf 73' lang='grc' dir='ltr'>μέν</span> <span class='ocrx_word' id='word_1_275' title='bbox 757 3514 809 3592; x_wconf 77' lang='grc' dir='ltr'>ὁρᾷ</span> <span class='ocrx_word' id='word_1_276' title='bbox 822 3513 901 3592; x_wconf 86' lang='grc' dir='ltr'>πρὸς</span> <span class='ocrx_word' id='word_1_277' title='bbox 915 3513 949 3570; x_wconf 87' lang='grc' dir='ltr'>τὸ</span> <span class='ocrx_word' id='word_1_278' title='bbox 963 3510 1089 3577; x_wconf 85' lang='grc' dir='ltr'>κάλλος</span> <span class='ocrx_word' id='word_1_279' title='bbox 1101 3517 1159 3570; x_wconf 80' lang='grc' dir='ltr'>τοῦ</span> <span class='ocrx_word' id='word_1_280' title='bbox 1173 3510 1301 3591; x_wconf 74' lang='grc' dir='ltr'>παιδὸς,</span> 
     </span>
     <span class='ocr_line' id='line_1_28' title="bbox 180 3605 1302 3693; baseline 0.002 -25"><span class='ocrx_word' id='word_1_281' title='bbox 180 3611 300 3693; x_wconf 83' lang='grc' dir='ltr'>τρέρεται</span> <span class='ocrx_word' id='word_1_282' title='bbox 313 3611 359 3668; x_wconf 87' lang='grc' dir='ltr'>καὶ</span> <span class='ocrx_word' id='word_1_283' title='bbox 373 3608 507 3691; x_wconf 81' lang='grc' dir='ltr'>ἄρδεται</span> <span class='ocrx_word' id='word_1_284' title='bbox 520 3612 566 3667; x_wconf 81' lang='grc' dir='ltr'>καὶ</span> <span class='ocrx_word' id='word_1_285' title='bbox 579 3608 717 3687; x_wconf 77' lang='grc' dir='ltr'>ἥδεταιτῇ</span> <span class='ocrx_word' id='word_1_286' title='bbox 731 3613 829 3688; x_wconf 68' lang='grc' dir='ltr'>μνήμη</span> <span class='ocrx_word' id='word_1_287' title='bbox 842 3610 977 3669; x_wconf 81' lang='grc' dir='ltr'>τῶν-ἐκεῖ·</span> <span class='ocrx_word' id='word_1_288' title='bbox 991 3615 1009 3684; x_wconf 82' lang='grc' dir='ltr'>ἡ</span> <span class='ocrx_word' id='word_1_289' title='bbox 1022 3612 1072 3692; x_wconf 76' lang='grc' dir='ltr'>γὰρ</span> <span class='ocrx_word' id='word_1_290' title='bbox 1085 3605 1233 3688; x_wconf 74' lang='grc' dir='ltr'>ἀνάμνησις</span> <span class='ocrx_word' id='word_1_291' title='bbox 1247 3619 1302 3670; x_wconf 82' lang='grc' dir='ltr'>τῶν</span> 
     </span>
     <span class='ocr_line' id='line_1_29' title="bbox 181 3707 1304 3790; baseline 0.001 -22"><span class='ocrx_word' id='word_1_292' title='bbox 181 3707 262 3768; x_wconf 75' lang='grc' dir='ltr'>εἱδῶν</span> <span class='ocrx_word' id='word_1_293' title='bbox 273 3710 318 3766; x_wconf 87' lang='grc' dir='ltr'>καὶ</span> <span class='ocrx_word' id='word_1_294' title='bbox 330 3715 386 3767; x_wconf 79' lang='grc' dir='ltr'>τῶν</span> <span class='ocrx_word' id='word_1_295' title='bbox 402 3713 509 3781; x_wconf 79' lang='grc' dir='ltr'>νοητῶν</span> <span class='ocrx_word' id='word_1_296' title='bbox 523 3709 576 3766; x_wconf 85' lang='grc' dir='ltr'>ἀπὸ</span> <span class='ocrx_word' id='word_1_297' title='bbox 589 3715 643 3766; x_wconf 82' lang='grc' dir='ltr'>τῶν</span> <span class='ocrx_word' id='word_1_298' title='bbox 657 3708 778 3767; x_wconf 75' lang='grc' dir='ltr'>ἐντεῦθεν</span> <span class='ocrx_word' id='word_1_299' title='bbox 790 3709 904 3789; x_wconf 83' lang='grc' dir='ltr'>γίνεται·</span> <span class='ocrx_word' id='word_1_300' title='bbox 921 3708 963 3768; x_wconf 86' lang='grc' dir='ltr'>διὸ</span> <span class='ocrx_word' id='word_1_301' title='bbox 978 3712 1048 3790; x_wconf 80' lang='grc' dir='ltr'>όρῖον</span> <span class='ocrx_word' id='word_1_302' title='bbox 1064 3712 1100 3768; x_wconf 88' lang='grc' dir='ltr'>τὸ</span> <span class='ocrx_word' id='word_1_303' title='bbox 1116 3709 1245 3777; x_wconf 81' lang='grc' dir='ltr'>κάλλος</span> <span class='ocrx_word' id='word_1_304' title='bbox 1259 3714 1304 3769; x_wconf 80' lang='grc' dir='ltr'>καὶ</span> 
     </span>
    </p>

    <p class='ocr_par' dir='ltr' id='par_1_12' title="bbox 181 3807 1304 3892">
     <span class='ocr_line' id='line_1_30' title="bbox 181 3807 1304 3892; baseline 0.002 -25"><span class='ocrx_word' id='word_1_305' title='bbox 181 3809 214 3867; x_wconf 86' lang='grc' dir='ltr'>τά</span> <span class='ocrx_word' id='word_1_306' title='bbox 238 3809 319 3891; x_wconf 84' lang='grc' dir='ltr'>μέρη</span> <span class='ocrx_word' id='word_1_307' title='bbox 344 3808 377 3867; x_wconf 87' lang='grc' dir='ltr'>τά</span> <span class='ocrx_word' id='word_1_308' title='bbox 400 3807 535 3866; x_wconf 79' lang='grc' dir='ltr'>ἐπιόντα</span> <span class='ocrx_word' id='word_1_309' title='bbox 558 3807 610 3865; x_wconf 88' lang='grc' dir='ltr'>ἀπὸ</span> <span class='ocrx_word' id='word_1_310' title='bbox 631 3813 679 3866; x_wconf 76' lang='grc' dir='ltr'>τοῦ</span> <span class='ocrx_word' id='word_1_311' title='bbox 701 3807 785 3865; x_wconf 80' lang='grc' dir='ltr'>κσλοῦ</span> <span class='ocrx_word' id='word_1_312' title='bbox 808 3812 867 3866; x_wconf 82' lang='grc' dir='ltr'>οἷον</span> <span class='ocrx_word' id='word_1_313' title='bbox 891 3807 998 3868; x_wconf 83' lang='grc' dir='ltr'>εἷ’δωλά</span> <span class='ocrx_word' id='word_1_314' title='bbox 1018 3831 1088 3882; x_wconf 87' lang='grc' dir='ltr'>τινα,</span> <span class='ocrx_word' id='word_1_315' title='bbox 1111 3811 1236 3892; x_wconf 74' lang='grc' dir='ltr'>τρέφεται</span> <span class='ocrx_word' id='word_1_316' title='bbox 1259 3812 1304 3869; x_wconf 81' lang='grc' dir='ltr'>καὶ</span> 
     </span>
    </p>

    <p class='ocr_par' dir='ltr' id='par_1_13' title="bbox 119 3905 1304 3988">
     <span class='ocr_line' id='line_1_31' title="bbox 119 3905 1304 3988; baseline 0 -21"><span class='ocrx_word' id='word_1_317' title='bbox 119 3916 152 3966; x_wconf 83' lang='grc' dir='ltr'>θθ</span> <span class='ocrx_word' id='word_1_318' title='bbox 181 3907 303 3988; x_wconf 85' lang='grc' dir='ltr'>γέγηθε</span> <span class='ocrx_word' id='word_1_319' title='bbox 317 3908 362 3964; x_wconf 83' lang='grc' dir='ltr'>καὶ</span> <span class='ocrx_word' id='word_1_320' title='bbox 375 3906 503 3985; x_wconf 75' lang='grc' dir='ltr'>ἀνάγεται</span> <span class='ocrx_word' id='word_1_321' title='bbox 518 3906 561 3964; x_wconf 81' lang='grc' dir='ltr'>ἐπὶ</span> <span class='ocrx_word' id='word_1_322' title='bbox 573 3906 605 3964; x_wconf 85' lang='grc' dir='ltr'>τὸ</span> <span class='ocrx_word' id='word_1_323' title='bbox 620 3905 729 3980; x_wconf 86' lang='grc' dir='ltr'>νοητόν·</span> <span class='ocrx_word' id='word_1_324' title='bbox 745 3905 860 3972; x_wconf 86' lang='grc' dir='ltr'>ἀπόντος</span> <span class='ocrx_word' id='word_1_325' title='bbox 874 3905 903 3965; x_wconf 76' lang='grc' dir='ltr'>δέ</span> <span class='ocrx_word' id='word_1_326' title='bbox 916 3913 965 3965; x_wconf 80' lang='grc' dir='ltr'>τοῦ</span> <span class='ocrx_word' id='word_1_327' title='bbox 979 3906 1061 3966; x_wconf 77' lang='grc' dir='ltr'>καλοῦ</span> <span class='ocrx_word' id='word_1_328' title='bbox 1078 3909 1181 3985; x_wconf 86' lang='grc' dir='ltr'>μέμυκε</span> <span class='ocrx_word' id='word_1_329' title='bbox 1195 3910 1240 3967; x_wconf 79' lang='grc' dir='ltr'>καὶ</span> <span class='ocrx_word' id='word_1_330' title='bbox 1259 3909 1304 3968; x_wconf 80' lang='grc' dir='ltr'>οὖ·</span> 
     </span>
    </p>
   </div>
   <div class='ocr_carea' id='block_1_10' title="bbox 213 4100 519 4156">
    <p class='ocr_par' dir='ltr' id='par_1_14' title="bbox 213 4100 519 4156">
     <span class='ocr_line' id='line_1_32' title="bbox 213 4100 519 4156; baseline -0.007 -2"><span class='ocrx_word' id='word_1_331' title='bbox 213 4100 519 4156; x_wconf 76' lang='grc' dir='ltr'>15Ψ507εοέ.Ν706</span> 
     </span>
    </p>
   </div>
   <div class='ocr_carea' id='block_1_11' title="bbox 182 4220 1305 4721">
    <p class='ocr_par' dir='ltr' id='par_1_15' title="bbox 182 4220 1304 4450">
     <span class='ocr_line' id='line_1_33' title="bbox 214 4220 1242 4288; baseline 0.002 -14"><span class='ocrx_word' id='word_1_332' title='bbox 214 4223 261 4274; x_wconf 81' lang='lat' dir='ltr'>Nc</span> <span class='ocrx_word' id='word_1_333' title='bbox 281 4220 295 4274; x_wconf 88' lang='grc'>1</span> <span class='ocrx_word' id='word_1_334' title='bbox 312 4226 493 4288; x_wconf 80' lang='grc' dir='ltr'>συμμεμυκότα</span> <span class='ocrx_word' id='word_1_335' title='bbox 508 4221 600 4273; x_wconf 57' lang='lat' dir='ltr'><strong>Plan:</strong></span> <span class='ocrx_word' id='word_1_336' title='bbox 619 4224 778 4288; x_wconf 77' lang='grc' dir='ltr'>μιμεμνκότα</span> <span class='ocrx_word' id='word_1_337' title='bbox 790 4224 847 4273; x_wconf 77' lang='grc' dir='ltr'>Α·;</span> <span class='ocrx_word' id='word_1_338' title='bbox 864 4225 992 4287; x_wconf 83' lang='grc' dir='ltr'>μεμυκότα</span> <span class='ocrx_word' id='word_1_339' title='bbox 1005 4222 1073 4284; x_wconf 71' lang='lat' dir='ltr'>EM:</span> <span class='ocrx_word' id='word_1_340' title='bbox 1089 4224 1125 4276; x_wconf 82' lang='grc' dir='ltr'>οέ.</span> <span class='ocrx_word' id='word_1_341' title='bbox 1141 4222 1197 4283; x_wconf 80' lang='grc'>182,</span> <span class='ocrx_word' id='word_1_342' title='bbox 1211 4225 1242 4275; x_wconf 78' lang='grc'>26</span> 
     </span>
     <span class='ocr_line' id='line_1_34' title="bbox 182 4293 1304 4363; baseline 0 -16"><span class='ocrx_word' id='word_1_343' title='bbox 182 4294 339 4361; x_wconf 70' lang='grc' dir='ltr'>έὺπδΙάπδ</span> <span class='ocrx_word' id='word_1_344' title='bbox 361 4294 390 4344; x_wconf 88' lang='grc' dir='ltr'><strong>Μ</strong></span> <span class='ocrx_word' id='word_1_345' title='bbox 453 4293 809 4361; x_wconf 72' lang='grc' dir='ltr'>41πιρρυιίσης,έι·ιι5ι·.Α</span> <span class='ocrx_word' id='word_1_346' title='bbox 873 4293 948 4345; x_wconf 85' lang='grc' dir='ltr'>6καὶ</span> <span class='ocrx_word' id='word_1_347' title='bbox 962 4298 988 4347; x_wconf 87' lang='grc' dir='ltr'>έν</span> <span class='ocrx_word' id='word_1_348' title='bbox 1003 4295 1072 4363; x_wconf 81' lang='grc' dir='ltr'>βάθει</span> <span class='ocrx_word' id='word_1_349' title='bbox 1090 4296 1118 4345; x_wconf 88' lang='grc' dir='ltr'><strong>Μ</strong></span> <span class='ocrx_word' id='word_1_350' title='bbox 1183 4293 1304 4362; x_wconf 81' lang='grc' dir='ltr'>ᾤδησέτε</span> 
     </span>
     <span class='ocr_line' id='line_1_35' title="bbox 184 4363 1304 4450; baseline 0.001 -32"><span class='ocrx_word' id='word_1_351' title='bbox 184 4367 212 4418; x_wconf 88' lang='grc' dir='ltr'><strong><em>Μ</em></strong></span> <span class='ocrx_word' id='word_1_352' title='bbox 229 4367 298 4418; x_wconf 74' lang='lat' dir='ltr'><strong>plat.</strong></span> <span class='ocrx_word' id='word_1_353' title='bbox 362 4363 497 4431; x_wconf 77' lang='grc' dir='ltr'>Ὶηθξησι]</span> <span class='ocrx_word' id='word_1_354' title='bbox 517 4366 589 4429; x_wconf 70' lang='grc' dir='ltr'>ἔζησε</span> <span class='ocrx_word' id='word_1_355' title='bbox 608 4365 636 4414; x_wconf 95' lang='grc' dir='ltr'><strong><em>Μ</em></strong></span> <span class='ocrx_word' id='word_1_356' title='bbox 702 4367 778 4416; x_wconf 80' lang='grc' dir='ltr'>ότυῦ</span> <span class='ocrx_word' id='word_1_357' title='bbox 798 4368 890 4450; x_wconf 79' lang='grc' dir='ltr'>πτεροῦ</span> <span class='ocrx_word' id='word_1_358' title='bbox 904 4368 997 4426; x_wconf 78' lang='grc' dir='ltr'>καυλὸς</span> <span class='ocrx_word' id='word_1_359' title='bbox 1012 4370 1071 4418; x_wconf 72' lang='lat' dir='ltr'>Aer</span> <span class='ocrx_word' id='word_1_360' title='bbox 1086 4382 1092 4416; x_wconf 73' lang='lat'><em>2</em></span> <span class='ocrx_word' id='word_1_361' title='bbox 1110 4369 1137 4419; x_wconf 86' lang='grc' dir='ltr'>τδ</span> <span class='ocrx_word' id='word_1_362' title='bbox 1153 4371 1196 4419; x_wconf 81' lang='grc' dir='ltr'>τοῦ</span> <span class='ocrx_word' id='word_1_363' title='bbox 1213 4372 1304 4435; x_wconf 81' lang='grc' dir='ltr'>πτεροῦ</span> 
     </span>
    </p>

    <p class='ocr_par' dir='ltr' id='par_1_16' title="bbox 183 4435 1305 4585">
     <span class='ocr_line' id='line_1_36' title="bbox 183 4435 1240 4500; baseline -0.001 -10"><span class='ocrx_word' id='word_1_364' title='bbox 183 4438 275 4498; x_wconf 81' lang='grc' dir='ltr'>κάλλος</span> <span class='ocrx_word' id='word_1_365' title='bbox 288 4437 351 4489; x_wconf 78' lang='lat' dir='ltr'>libri</span> <span class='ocrx_word' id='word_1_366' title='bbox 414 4441 497 4500; x_wconf 77' lang='grc' dir='ltr'>ηοω.</span> <span class='ocrx_word' id='word_1_367' title='bbox 517 4436 597 4487; x_wconf 80' lang='grc' dir='ltr'>ΜΒΒ</span> <span class='ocrx_word' id='word_1_368' title='bbox 659 4435 793 4500; x_wconf 82' lang='grc' dir='ltr'>8πᾶντδ]</span> <span class='ocrx_word' id='word_1_369' title='bbox 808 4454 899 4500; x_wconf 85' lang='grc' dir='ltr'>ταυτης</span> <span class='ocrx_word' id='word_1_370' title='bbox 914 4440 951 4488; x_wconf 78' lang='grc' dir='ltr'>Α·</span> <span class='ocrx_word' id='word_1_371' title='bbox 1013 4436 1045 4490; x_wconf 83' lang='grc'>10</span> <span class='ocrx_word' id='word_1_372' title='bbox 1055 4439 1127 4491; x_wconf 82' lang='grc' dir='ltr'>’τδδέ</span> <span class='ocrx_word' id='word_1_373' title='bbox 1141 4452 1195 4489; x_wconf 89' lang='lat' dir='ltr'>om.</span> <span class='ocrx_word' id='word_1_374' title='bbox 1212 4439 1240 4489; x_wconf 88' lang='grc' dir='ltr'><strong><em>Μ</em></strong></span> 
     </span>
     <span class='ocr_line' id='line_1_37' title="bbox 184 4505 1305 4585; baseline 0 -24"><span class='ocrx_word' id='word_1_375' title='bbox 184 4515 219 4570; x_wconf 79' lang='grc' dir='ltr'>ζεῖ</span> <span class='ocrx_word' id='word_1_376' title='bbox 236 4509 306 4561; x_wconf 53' lang='lat' dir='ltr'>Plau</span> <span class='ocrx_word' id='word_1_377' title='bbox 321 4517 355 4560; x_wconf 82' lang='lat' dir='ltr'>t:</span> <span class='ocrx_word' id='word_1_378' title='bbox 375 4515 403 4585; x_wconf 76' lang='grc' dir='ltr'>ζῇ</span> <span class='ocrx_word' id='word_1_379' title='bbox 423 4508 471 4559; x_wconf 89' lang='grc' dir='ltr'>ΒΤ</span> <span class='ocrx_word' id='word_1_380' title='bbox 535 4507 566 4560; x_wconf 90' lang='grc'>16</span> <span class='ocrx_word' id='word_1_381' title='bbox 585 4510 628 4559; x_wconf 79' lang='grc' dir='ltr'>καὶ</span> <span class='ocrx_word' id='word_1_382' title='bbox 648 4509 721 4559; x_wconf 84' lang='lat' dir='ltr'>rubr.</span> <span class='ocrx_word' id='word_1_383' title='bbox 744 4511 769 4558; x_wconf 83' lang='lat' dir='ltr'>A</span> <span class='ocrx_word' id='word_1_384' title='bbox 834 4510 941 4560; x_wconf 86' lang='grc' dir='ltr'>ὀδόντων</span> <span class='ocrx_word' id='word_1_385' title='bbox 963 4505 1090 4575; x_wconf 77' lang='grc' dir='ltr'>ρυοόντων</span> <span class='ocrx_word' id='word_1_386' title='bbox 1112 4510 1180 4562; x_wconf 54' lang='lat' dir='ltr'>Plan</span> <span class='ocrx_word' id='word_1_387' title='bbox 1201 4509 1263 4562; x_wconf 82' lang='lat' dir='ltr'><strong>cod.</strong></span> <span class='ocrx_word' id='word_1_388' title='bbox 1282 4510 1305 4561; x_wconf 90' lang='lat' dir='ltr'>T</span> 
     </span>
    </p>

    <p class='ocr_par' dir='ltr' id='par_1_17' title="bbox 184 4578 1302 4721">
     <span class='ocr_line' id='line_1_38' title="bbox 246 4578 1242 4647; baseline 0 -14"><span class='ocrx_word' id='word_1_389' title='bbox 246 4582 276 4633; x_wconf 82' lang='lat'>21</span> <span class='ocrx_word' id='word_1_390' title='bbox 292 4589 343 4633; x_wconf 82' lang='grc' dir='ltr'>τῶν</span> <span class='ocrx_word' id='word_1_391' title='bbox 356 4594 410 4632; x_wconf 88' lang='lat' dir='ltr'>om.</span> <span class='ocrx_word' id='word_1_392' title='bbox 420 4584 445 4631; x_wconf 83' lang='lat' dir='ltr'>A</span> <span class='ocrx_word' id='word_1_393' title='bbox 456 4585 521 4631; x_wconf 72' lang='lat' dir='ltr'>ante</span> <span class='ocrx_word' id='word_1_394' title='bbox 534 4582 692 4646; x_wconf 86' lang='grc' dir='ltr'>τετραπόδων</span> <span class='ocrx_word' id='word_1_395' title='bbox 755 4579 786 4630; x_wconf 78' lang='lat'>2³</span> <span class='ocrx_word' id='word_1_396' title='bbox 805 4578 874 4641; x_wconf 84' lang='grc' dir='ltr'>όταν,</span> <span class='ocrx_word' id='word_1_397' title='bbox 887 4578 901 4630; x_wconf 90' lang='grc' dir='ltr'>ό</span> <span class='ocrx_word' id='word_1_398' title='bbox 913 4579 987 4630; x_wconf 81' lang='lat' dir='ltr'><strong>rubr.</strong></span> <span class='ocrx_word' id='word_1_399' title='bbox 1002 4585 1024 4631; x_wconf 91' lang='grc' dir='ltr'>Α</span> <span class='ocrx_word' id='word_1_400' title='bbox 1088 4581 1120 4631; x_wconf 83' lang='grc'>26</span> <span class='ocrx_word' id='word_1_401' title='bbox 1133 4583 1207 4647; x_wconf 80' lang='grc' dir='ltr'>φησὶν</span> <span class='ocrx_word' id='word_1_402' title='bbox 1217 4584 1242 4633; x_wconf 87' lang='grc' dir='ltr'>Α</span> 
     </span>
     <span class='ocr_line' id='line_1_39' title="bbox 184 4649 1302 4721; baseline 0.002 -18"><span class='ocrx_word' id='word_1_403' title='bbox 184 4653 332 4706; x_wconf 77' lang='grc' dir='ltr'>θθεπιόντσ</span> <span class='ocrx_word' id='word_1_404' title='bbox 345 4651 764 4718; x_wconf 73' lang='grc' dir='ltr'>εοείρείοΡΙειοιιειπαριόντα</span> <span class='ocrx_word' id='word_1_405' title='bbox 781 4649 844 4702; x_wconf 82' lang='lat' dir='ltr'>libri</span> <span class='ocrx_word' id='word_1_406' title='bbox 858 4651 916 4715; x_wconf 75' lang='lat' dir='ltr'>(sod</span> <span class='ocrx_word' id='word_1_407' title='bbox 932 4654 957 4703; x_wconf 80' lang='grc' dir='ltr'>Α</span> <span class='ocrx_word' id='word_1_408' title='bbox 976 4665 1012 4705; x_wconf 86' lang='lat' dir='ltr'>ex</span> <span class='ocrx_word' id='word_1_409' title='bbox 1026 4656 1147 4721; x_wconf 66' lang='grc' dir='ltr'>παρόντα)</span> <span class='ocrx_word' id='word_1_410' title='bbox 1176 4666 1178 4669; x_wconf 77' lang='grc'><strong>’</strong></span> <span class='ocrx_word' id='word_1_411' title='bbox 1210 4655 1302 4706; x_wconf 75' lang='grc' dir='ltr'>τινάΑ</span> 
     </span>
    </p>
   </div>
   <div class='ocr_carea' id='block_1_12' title="bbox 0 0 1579 5506">
    <p class='ocr_par' dir='ltr' id='par_1_18' title="bbox 0 0 1579 5506">
     <span class='ocr_line' id='line_1_40' title="bbox 0 0 1579 5506; baseline 0 0"><span class='ocrx_word' id='word_1_412' title='bbox 0 0 1579 5506; x_wconf 95' lang='lat' dir='ltr'> </span> 
     </span>
    </p>
   </div>
  </div>
 </body>
</html>
