3120 5506
335 480 390 532 ΕΙΣ
411 481 472 531 TON
494 481 670 531 ΠΛΑΤΩΝΟΣ
693 481 835 532 ΦΑΙΔΡΟΝ
859 482 981 533 ΣΧΟΑΙΑ
1178 497 1223 547 117

5 642 66 711 [122]
99 635 189 715 ἀρχὴν
205 635 250 691 καὶ
267 633 438 714 ύπὶραίτίαν
458 633 537 694 ἐστίν.
553 632 581 690 '0
594 633 682 691 τοίνυν
696 638 759 699 νοῦς
774 635 865 713 νοερός
883 634 931 708 μἐν
946 632 1099 714 ἀρ’·ἕαυτού
1114 635 1223 715 πρώτου

101 732 182 805 ἔστιν,
196 732 227 790 θν
238 731 267 790 δὶ
279 733 302 789 εί
316 732 397 811 τύχοι
408 729 567 813 ἀλλαχόθεν
581 733 697 810 γίνεται·
712 733 798 788 καὶτὸ
810 731 914 789 δίκαιον
928 733 980 788 ἀπὸ
992 741 1043 804 τῆς
1055 732 1222 794 αύτοδικαιο-

101 832 183 902 σύνης
202 830 318 910 πρώτως
336 831 451 901 καὶτῆς
472 827 559 902 δίκης,
577 829 643 900 αύτη
666 831 760 904 μέντοι
777 833 795 900 ἡ
815 827 876 901 δῖκη
898 831 916 901 ἢ
936 831 966 887 τὸ
986 829 1156 888 αύτοδίκαιον
1175 832 1224 890 οῦκ

101 929 254 1011 ἀλλαχόθεν
273 927 432 1000 δικαιοῦται·
453 930 519 984 καθὸ
537 929 587 1008 γάρ
609 926 670 1000 δίκη
693 929 738 984 καί
757 929 824 985 καθὸ
842 929 999 987 κατευθύνει
1016 931 1048 985 τὰ
1066 930 1221 1009 πρύγματα,

52 1038 67 1085 5
100 1027 145 1109 ἀρ’
165 1029 262 1099 ἑαυτῆς
285 1026 407 1108 ἄρχεται·
429 1027 586 1107 ἀλλαχόθεν
608 1027 700 1102 μέντοι
720 1025 779 1084 κατ’
800 1024 887 1099 ἀλλην
909 1024 1037 1100 ἐπιόολήν
1058 1029 1223 1107 παράγεσθαι

101 1127 133 1185 οῦ
151 1126 292 1195 κωλύεται,
314 1125 343 1182 όν
365 1127 388 1183 εἰ
408 1127 488 1206 τύχοι
509 1125 526 1196 ἢ
548 1130 607 1191 νοῦς
625 1126 643 1197 ί,
664 1126 729 1191 Ξιεός
748 1149 789 1190 τις
809 1127 951 1205 γινόμενος
971 1127 1024 1183 ἀπὸ
1043 1135 1093 1199 τῆς
1114 1126 1223 1191 πάντων

101 1226 200 1307 ἀρχῆς.
219 1226 469 1304 Συνεσπειραμίνως
483 1223 511 1281 δὲ
526 1224 590 1281 αὐτὸ
605 1226 620 1281 ό
633 1222 748 1281 Πλάτων
762 1223 898 1291 ἀπέδειξεν
914 1225 966 1296 ότι,
981 1227 1004 1282 εἰ
1018 1225 1121 1305 γίνεται
1136 1227 1221 1308 ἀρχὴ,
1249 1281 1267 1307 ,γ
1318 1281 1321 1290 ,

101 1322 127 1390 ἐξ
147 1323 196 1380 οῦκ
212 1324 302 1404 ἀρχῆς
322 1321 353 1379 θν
372 1321 477 1401 γένοιτο
497 1320 540 1379 διδ
558 1323 588 1378 τὸ
608 1322 691 1392 αότήν
710 1324 866 1380 ὑποκεῖσθαι
885 1323 972 1404 ἀρχὴν
991 1325 1068 1382 εἶναι,
1092 1322 1223 1400 Είπωμεν

101 1421 148 1479 οῦν
163 1423 259 1488 οὕτως·
273 1428 345 1478 πᾶσα
359 1421 430 1501 ἀρχὴ
444 1420 558 1500 πρώτως
570 1420 640 1478 ἐστὶν
653 1423 667 1478 ὃ
681 1421 788 1500 λέγεται
802 1421 879 1479 εἶναι·
895 1420 971 1478 οῦδὲν
983 1423 1096 1501 γενητὸν
1108 1424 1223 1503 πρώτως

36 1530 69 1582 10
101 1520 171 1578 ἐστὶν
190 1521 255 1599 (πᾶν
273 1521 322 1599 γὰρ
338 1520 450 1598 γενητὸν
468 1519 513 1575 ἀπ’
532 1517 616 1577 ἀλλον
632 1519 765 1599 γέγονενί·
783 1518 894 1595 οὐδεμία
909 1518 960 1600 ἀρα
977 1522 1048 1601 ἀρχὴ
1063 1524 1172 1599 γενητή.
1195 1522 1224 1578 Εἰ
1302 1580 1307 1601 γ

101 1620 152 1700 γάρ
172 1625 225 1676 πᾶν
244 1620 275 1675 τὸ
295 1612 482 1697 γινόμενονέξ
502 1619 591 1698 ἀρχῆς
610 1640 681 1683 τινος
701 1619 814 1696 γίνεται,
831 1621 906 1690 καὶὴ
924 1620 995 1699 ἀρχὴ
1017 1621 1040 1677 εί
1057 1619 1178 1698 γίγνοιτο
1197 1619 1222 1685 ἐξ
1283 1632 1284 1635 ’

101 1719 189 1800 ἀρχῆς
205 1739 277 1782 τινος
297 1716 329 1774 θν
348 1717 461 1795 γίνοιτο·
476 1717 546 1773 ὥστε
561 1720 579 1788 ἡ
597 1718 668 1797 ἀρχὴ
689 1717 778 1798 ἀρχῆς
799 1716 831 1774 θν
851 1714 937 1775 δέοιτο
956 1719 1025 1796 πρὸς
1042 1718 1072 1774 τὸ
1091 1719 1221 1795 γενόσθαι,

100 1819 144 1874 καί
158 1821 238 1873 τοῦτο
253 1814 295 1872 ἐπ’
306 1813 427 1895 ἀπειρον.
442 1821 496 1871 Πᾶν
508 1815 538 1871 τὸ
550 1815 693 1892 γινόμενον
709 1814 735 1881 ἐξ
748 1816 779 1872 οὐ
792 1815 916 1873 τοιούτου
931 1818 1042 1894 γίνεται,
1056 1819 1126 1890 ζῷον
1141 1816 1170 1873 ἐκ
1184 1820 1221 1891 μὴ

103 1916 185 1991 ζῴου,
194 1915 267 1971 οίκία
277 1913 306 1971 ἐκ
317 1915 356 1989 μὴ
369 1914 466 1977 οἰκίας·
478 1914 546 1970 ὥστε
556 1914 601 1969 καί
612 1917 629 1985 ἡ
642 1914 713 1993 ἀρχὴ
727 1914 750 1970 εί
760 1913 863 1992 γίνοιτο
874 1914 904 1971 ἐκ
917 1917 956 1989 μὴ
968 1915 1058 1996 ἀρχῆς
1069 1914 1100 1970 &v
1110 1916 1221 1992 γίνοιτο,

39 2021 68 2069 15
102 2012 186 2089 Ὁμοῦ
201 2010 252 2092 ἀρα
266 2013 311 2069 καὶ
327 2005 355 2078 ἐξ
368 2013 456 2093 ἀρχῆς
472 2015 504 2068 ἀν
517 2011 617 2090 γίνοιτο
631 2013 669 2076 ώς
687 2012 802 2089 γενητὸν
817 2014 861 2068 καὶ
875 2012 905 2069 ἐκ
921 2016 959 2088 μὴ
976 2013 1065 2093 ἀρχῆς
1081 2014 1119 2077 ὡς
1135 2014 1221 2093 ἀρχή·

101 2112 166 2191 όπερ
182 2109 323 2172 ἀδύνατον.
346 2117 400 2168 Πᾶν
419 2109 469 2191 ἄρα
487 2113 501 2167 ό
520 2111 634 2190 πρώτως
648 2111 672 2167 τί
687 2110 750 2182 ἐστι,
766 2113 885 2169 τουτέστι
900 2118 971 2169 πᾶσα
989 2113 1060 2192 ἀρχὴ
1078 2110 1221 2189 ἀγένητος.

100 2211 193 2290 Ἤρκει
209 2211 257 2285 μὲν
269 2208 316 2266 οὗν
330 2215 413 2266 ταῦτα
423 2210 490 2288 πρὸς
503 2203 637 2274 ἀπόδειξιν
651 2217 700 2281 τῆς
715 2215 770 2266 τῶν
783 2210 876 2291 ἀρχῶν
892 2211 1047 2291 ἀφθαρσίας·
1063 2209 1224 2289 προστίθησι

101 2307 188 2365 δὲκαὶ
202 2305 289 2379 ἀ’λλην
304 2307 346 2364 όιά
359 2316 410 2378 τῆς
424 2308 460 2371 είς
474 2307 603 2365 ἀδύνατον
617 2308 777 2386 ἀπαγωγῆς·
794 2308 894 2388 ἀρχῆς
909 2309 980 2387 γὰρ,
997 2310 1089 2389 ρησίν,
1105 2305 1224 2365 ἀπολο-

102 2409 205 2482 μένης
227 2404 301 2463 ούτε
318 2404 402 2464 ἀλλο
422 2427 448 2462 τι
467 2408 610 2484 γενήσεται
629 2405 659 2472 ἐξ
681 2406 765 2478 αὐτῆς
785 2404 860 2463 οὕτε
883 2407 962 2478 αῦτη
983 2403 1014 2472 ἐξ
1035 2405 1130 2465 ἀλλου.
1153 2407 1224 2462 Διότι

36 2511 70 2561 20
103 2506 216 2584 μὲνγὰρ
234 2511 287 2560 πᾶν
306 2505 336 2560 τὸ
355 2504 495 2582 γινόμενον
514 2498 541 2570 ἐξ
561 2505 651 2586 ἀρχῆς
671 2504 783 2583 γίνεται,
805 2505 854 2562 οῦκ
871 2504 902 2561 θν
920 2507 976 2583 [γε]
993 2505 1096 2583 γίνοιτό
1111 2527 1137 2561 τι
1151 2502 1222 2561 ἀλλο

101 2603 127 2670 ἐξ
146 2603 243 2674 αὐτῆς·
259 2601 386 2659 ἀπόλωλε
400 2603 450 2681 γὰρ
468 2605 486 2673 ἡ
507 2603 590 2683 ἀρχη·
608 2602 673 2673 αὐτὴ
693 2601 721 2659 δὲ
740 2603 821 2659 πάλιν
842 2603 891 2660 οῦκ
910 2602 941 2659 ἀν
959 2603 1071 2681 γίνοιτο,
1088 2608 1125 2680 τῷ
1145 2601 1223 2659 πόλιν

101 2699 128 2768 ἐξ
146 2703 235 2782 ἀρχῆς
254 2723 325 2766 τινος
342 2703 462 2779 γίνεσθαι
480 2701 511 2756 τό
529 2701 685 2779 γινόμενον,
707 2701 774 2773 αῦτη
791 2700 819 2758 δὲ
837 2705 855 2772 ἡ
872 2702 945 2782 ἀρχὴ
963 2700 1116 2759 ἀπόλωλεν·
1133 2702 1223 2780 ὥσπερ

101 2800 177 2879 ῥίζης
195 2799 278 2870 αὐτῆς
294 2799 457 2871 ἐκκοπείσης
473 2796 585 2873 οὐδεμία
602 2799 750 2876 βλάστησις
765 2800 873 2877 γίνεται,
891 2800 990 2868 οὕτως,
1007 2801 1098 2880 φησὶν,
1116 2800 1222 2879 ἀρχῆς

100 2906 151 2970 τῆς
165 2900 296 2970 κινήσεως
310 2895 532 2973 ἀπολομένης,
546 2897 650 2953 πάντα
669 2897 807 2976 ούρανδν
819 2900 874 2954 καὶ
891 2899 1020 2976 γένεσιν
1039 2903 1222 2973 συμπεσοῦ·

36 3001 68 3051 25
101 3018 157 3053 σαν
180 3004 296 3068 στῆναι
319 2997 372 3052 καὶ
395 2996 513 3071 μηκέτι
534 2989 619 3076 ἔχειν
640 2995 713 3052 όθεν
734 2998 919 3074 γενήσεται.
940 3031 980 3040 -
1001 2989 1077 3066 Ἑξῆς
1097 2996 1223 3075 πρότασιν

101 3098 151 3167 την
166 3093 296 3173 λέγουσαν
316 3093 357 3150 ότι
374 3095 405 3151 τό
425 3093 552 3171 ἀγένητον
567 3092 711 3173 ἀρθαρτον,
726 3095 853 3172 γενναίως
872 3095 921 3169 μὲν
937 3095 981 3151 καὶ
1001 3097 1015 3150 ό
1033 3091 1221 3174 ’Ἀριστοτέλης

101 3186 232 3265 ἀπέδειξε,
248 3188 342 3257 λάόοις
358 3190 425 3249 δ’,δν
444 3192 524 3249 αὐτοῦ
545 3193 683 3267 συντόμως
702 3193 774 3249 ούτω
793 3195 843 3264 τήν
862 3189 1009 3260 ἀπόδειξιν·
1032 3194 1055 3249 εί
1073 3194 1124 3272 γὰρ
1143 3193 1222 3273 φθεί-

101 3313 175 3373 ρεται
188 3293 218 3347 τὸ
233 3291 373 3369 ἀγένητον,
388 3288 450 3360 ἤτοι
463 3283 573 3361 λήξεται
584 3290 671 3346 πάντα
685 3291 787 3370 ρθαρτά
798 3291 941 3369 γενόμενα,
958 3291 976 3362 θ
991 3290 1070 3347 πόλιν
1086 3288 1222 3362 ἀποδοθή-

101 3412 185 3467 σεται,
206 3392 251 3447 καὶ
270 3391 371 3447 ἐκτῶν
391 3393 516 3470 φθαρτῶν
534 3411 559 3445 τι
578 3391 614 3453 είς
631 3390 662 3446 τὸ
682 3390 813 3467 ἀγένητον
828 3387 899 3461 ἥξει,
919 3393 964 3446 καὶ
978 3390 1050 3447 οὕτω
1065 3391 1095 3446 τὸ
1113 3389 1223 3467 γενητὸν

132 3641 262 3692 182ίὸ0
326 3639 715 3703 26οουαιίο112,282α31

133 3776 255 3829 Νο2θν
271 3776 298 3827 δὲ
316 3791 329 3824 ιι
345 3774 394 3824 sed
409 3777 639 3840 tanquamens»
703 3779 795 3841 γίνεται
814 3790 868 3827 om.
890 3777 913 3824 D
977 3779 1019 3827 καί
1038 3774 1077 3841 τὸ]
1096 3778 1123 3826 τὸ
1143 3775 1170 3826 δὲ
1192 3776 1220 3824 Μ

162 3849 176 3896 3
193 3847 258 3912 δήκη
273 3848 297 3896 D
360 3846 402 3896 fr?
416 3848 444 3897 όν
459 3874 490 3883 -
505 3849 595 3914 ἀρχῆς,
610 3846 738 3897 mutilum
754 3849 799 3897 vel
813 3853 971 3912 corruptum
1034 3847 1051 3896 8
1066 3851 1176 3911 εἴπωμεν
1191 3874 1221 3883 -

99 3917 194 3971 9ιῖναι
208 3932 261 3969 om.
282 3919 310 3968 M
374 3918 390 3967 9
409 3917 513 3985 πρώτως
530 3926 590 3982 post
611 3919 722 3985 γενητόν]
744 3929 843 3987 πρῶτον
864 3920 893 3968 Μ
957 3919 988 3969 10
1003 3916 1063 3986 γὰρ]
1082 3919 1109 3970 δὲ
1129 3919 1157 3968 Μ

99 3993 129 4042 11
153 3990 212 4058 γάρ]
231 3991 258 4042 δὲ
277 3990 301 4038 D
365 3988 476 4040 1310rt.
497 3995 545 4040 πᾶν
565 3989 660 4050 <αύ>
724 3992 755 4040 14
775 3992 885 4042 οίκεία...
905 3992 999 4049 οἰκείας
1021 3990 1045 4038 D
1109 3990 1140 4041 19
1160 3992 1222 4041 διότι

100 4063 169 4112 Α’Μ
190 4075 196 4111 :
217 4062 260 4113 διὰ
277 4064 301 4111 τί
317 4060 380 4110 ΑἸ)
393 4073 400 4110 :
415 4060 517 4114 codicis
532 4064 555 4109 Α
569 4060 698 4112 librarius
712 4061 795 4112 erasit
806 4069 833 4111 οι
847 4068 992 4112 accentum
1007 4061 1055 4123 qui
1069 4068 1127 4111 erat
1139 4073 1222 4123 supra

99 4155 122 4186 τι
136 4141 164 4185 οι
178 4133 275 4184 litterae
290 4152 306 4183 α
320 4140 473 4182 extremam
488 4143 602 4196 partem,
615 4133 689 4184 unde
704 4153 717 4184 ο
732 4133 852 4184 efficeret
914 4133 945 4183 20
961 4132 999 4198 γε]
1008 4150 1035 4182 τι
1045 4132 1073 4181 Μ
1087 4148 1093 4182 :
1109 4132 1198 4181 om.D
1213 4145 1220 4181 :

99 4218 151 4271 ego
175 4205 277 4256 seclusi
338 4204 368 4253 21
391 4202 454 4266 αὐτὴ
476 4204 597 4267 seripsi:
622 4204 685 4268 αὕτη
706 4204 769 4254 libri
831 4206 862 4255 22
883 4203 945 4267 αὑτὴ
967 4204 995 4253 Μ
1018 4217 1024 4252 ι
1048 4203 1110 4266 αὕτη
1134 4207 1158 4252 Α

99 4279 130 4329 23
148 4276 223 4341 αὐτῆς
241 4279 292 4327 M:
313 4277 390 4328 αὐτοῦ
410 4278 434 4324 Α
497 4278 590 4339 γίνεται
609 4278 635 4326 Μ
656 4292 662 4328 :
681 4281 781 4343 γένηται
803 4280 827 4326 Α
890 4278 921 4326 24
942 4278 1115 4338 ἀπολουμένης
1134 4275 1158 4323 D

100 4349 180 4401 πάντα
198 4367 224 4399 τε
241 4348 309 4398 Plau.
373 4346 426 4409 καί]
441 4349 525 4396 πᾶσαν
540 4365 565 4396 τε
582 4347 651 4398 Plan.
715 4351 745 4397 25
764 4347 859 4413 μηκέτι]
874 4347 967 4413 μήποτε
980 4347 1008 4396 Μ
1023 4362 1029 4396 :
1045 4346 1139 4410 μήποτε
1152 4343 1220 4404 αὖθις

101 4421 170 4472 Plat.
235 4421 300 4488 ίχειν
329 4426 416 4481 στῆναι
443 4417 566 4468 Platonis
591 4420 670 4469 codd.
693 4435 699 4470 :
727 4421 793 4486 ἰ’χειν
820 4421 947 4471 waaeus
1011 4418 1065 4475 ὅθεν
1092 4419 1221 4479 κινηθέντα

100 4492 231 4559 γενήσεται
256 4493 324 4542 Plau.
389 4490 422 4540 26
443 4490 471 4540 τό
494 4503 548 4539 om.
573 4490 601 4539 M
667 4496 836 4557 γενναίως-
858 4498 890 4542 28
910 4493 1029 4556 ἀγένητον
1054 4501 1107 4538 0111.
1133 4488 1157 4536 D
1215 4530 1219 4538 .

100 4565 131 4615 27
148 4563 225 4616 αὐτοῦ
243 4577 298 4617 om.
321 4563 349 4613 M
413 4562 445 4612 28
461 4561 559 4625 λήξεται
578 4563 674 4627 seripsi
694 4578 700 4613 ε
722 4563 824 4627 λήσεται
843 4564 917 4622 ADffi:
937 4563 1037 4628 λήγιται
1057 4562 1085 4639 M
1138 4565 1220 4626 Δγινό·

71 4637 214 4704 ,μεναΜ
279 4633 466 4688 2θτιοω.Μ
