3150 5504
292 451 324 502 76
666 442 807 494 mmor
827 443 1024 495 ΦΙΛΟΣΟΦΟΥ

212 607 261 673 [99]
294 599 402 672 Ῥητέον
424 598 471 656 οὑν
491 599 532 655 ότι
552 599 685 678 πρόσωπα
705 601 754 675 μἐν
776 600 890 657 ἐνταῦθα
910 602 924 655 ὁ
948 600 1063 657 Πλάτων
1086 601 1117 657 οὑ
1136 612 1335 680 προσποιεῖται,
1356 604 1415 664 οὑθὶ

293 703 348 754 τῶν
363 695 467 778 ἀνδρῶν
482 698 562 778 χάριν
576 703 659 755 ταῦτα
673 693 882 776 παραλαμθάνει
893 698 939 754 ἵνα
954 691 1030 774 θείξη
1048 700 1217 781 Στησίχορον
1233 704 1282 776 μέν
1297 703 1414 783 Ὀμήρου

297 794 435 873 βελτίονα,
456 797 502 852 τὸν
521 795 549 853 δέ
570 797 700 875 Σωκράτη
722 796 893 875 ἀμφοτέρων·
915 798 987 853 οὑτω
1006 798 1057 876 γάρ
1073 795 1147 855 δοκεῖ.
1162 798 1313 857 δείκνυσθαι
1328 800 1362 859 δι’
1377 806 1414 858 ὢν

295 892 419 972 Ὀμηρος
448 894 497 968 μέν
525 892 586 950 οὑδὲ
612 891 709 969 ᾔσθετο
735 889 859 970 βλαθείς,
885 896 899 950 ό
923 893 952 950 δέ
976 895 1147 976 Στησίχορος
1178 898 1338 973 αἰσθόμενος
1365 908 1414 970 τῆς

224 1044 227 1049 .
250 1002 264 1050 5
298 989 406 1070 βλάθης
424 993 526 1064 ἰάσατο,
542 994 556 1048 ό
571 991 599 1049 δέ
616 994 761 1072 Σωκράτης
776 994 837 1072 πρὶν
855 988 1112 1070 βλαόῆναι-ἰάσατο.
1130 995 1166 1050 Οὑ
1181 1002 1236 1053 τῶν
1252 996 1355 1076 ἀνδρῶν
1370 997 1415 1054 οὑν

296 1090 376 1172 χάριν
393 1096 478 1148 ταῦτα
496 1086 717 1169 παραλαμόάνει,
738 1089 812 1147 ἀλλά
828 1098 897 1169 τρεῖς
914 1089 981 1157 έξεις
1001 1093 1095 1156 άπλιῖις
1110 1092 1223 1150 ἐνταῦθα
1237 1094 1413 1174 παραδίδωσι·

296 1191 347 1260 τὴν
360 1190 407 1264 μὶν
419 1195 458 1263 τῷ
469 1189 590 1263 αἰσθητῷ
603 1189 701 1247 κάλλει
713 1190 805 1266 (τοῦτο
819 1190 870 1268 γάρ
880 1187 963 1261 δηλοῖ
977 1193 994 1261 η
1007 1188 1101 1262 Ἑλένη
1114 1194 1212 1268 [οὑτως
1226 1192 1272 1248 οὑν
1287 1200 1416 1274 προσχεῖν

297 1292 336 1361 τῷ
352 1287 471 1360 αἰσθητῷ
484 1284 606 1365 κάλλαί)
623 1288 660 1352 ὡς
677 1293 716 1361 τῷ
736 1286 855 1364 ἀληθινῷ
872 1289 916 1342 καί
930 1288 1031 1366 πρώτῳ
1046 1286 1104 1344 όντι
1119 1287 1217 1346 κάλλει
1232 1292 1417 1371 προσέχουσαν

297 1385 342 1441 καὶ
359 1386 397 1458 μη
408 1384 598 1441 ’ἀνανεὺουσαν
613 1385 659 1441 ἀπ’
673 1385 765 1456 αὑτοῦ,
783 1384 847 1442 ἀλλ’
862 1384 889 1441 ἐν
906 1385 977 1463 αὑτῷ
992 1386 1219 1466 ἀποτυφλωθέντα
1239 1389 1284 1443 καί
1303 1389 1417 1462 ἀπομεί·

237 1501 267 1551 10
299 1504 391 1552 νοντα,
410 1484 478 1541 κατά
497 1484 544 1540 τόν
565 1483 733 1558 μολυνθέντσι
753 1484 802 1558 μὶν
820 1486 865 1540 καί
885 1478 1034 1560 βλαόέντα,
1057 1487 1096 1559 μή
1118 1486 1317 1560 αἰσθανόμενον
1333 1485 1371 1558 δὲ,
1389 1488 1418 1544 οὑ

300 1579 422 1660 Ὅμηρος
438 1580 622 1660 παράδειγμα·
637 1583 689 1651 την
703 1580 813 1653 <ἀέ>
832 1580 957 1660 δευτέραν
969 1580 1023 1647 έξιν
1037 1589 1145 1660 πρῶτον
1162 1586 1210 1658 μὶν
1223 1586 1269 1640 καί
1286 1581 1312 1650 ἐξ
1334 1585 1420 1665 ἀρχῆς

299 1685 336 1756 τῷ
356 1680 475 1758 αἰσθητῷ
497 1679 596 1737 κάλλει
620 1681 659 1743 ὡς
679 1686 716 1758 τῷ
733 1680 835 1758 πρώτῳ
856 1677 955 1736 κάλλει
976 1681 1021 1736 καί
1044 1664 1129 1745 ὅντως
1152 1680 1209 1738 όντι
1229 1683 1418 1751 πιστεύσασαν,

301 1778 413 1857 ὕστερον
429 1777 457 1835 δέ
472 1778 687 1853 ἀναμνησθεῖσαν
703 1778 824 1837 έντεὺθεν
839 1780 884 1835 καί
901 1779 944 1834 έπί
960 1781 990 1835 τὸ
1006 1781 1105 1850 νοητόν
1120 1780 1339 1860 ἀναπεμφθεῑσαν
1355 1779 1420 1837 κάλ-

302 1876 351 1941 λος
370 1876 486 1955 [διὸκαὶ
505 1874 680 1959 ἀναθλέῷαι],
698 1880 763 1934 κατά
784 1879 828 1934 τόν
846 1869 1013 1952 μολυνθέντα
1032 1880 1081 1952 μἐν
1100 1880 1146 1934 καὶ
1163 1877 1311 1957 βλαόέντα,
1332 1881 1420 1935 αἰσθό·

238 1989 269 2041 15
303 1999 384 2052 μενον
400 1976 493 2052 μέντοι
506 1979 551 2033 καί
566 1978 721 2052 ἰασάμενον,
738 1981 772 2048 ἧς
788 1979 802 2033 ό
819 1978 986 2057 Στησίχορος
1000 1977 1079 2034 εἰκὼν
1094 1975 1213 2057 ἐλήφθη·
1225 1979 1319 2057 τρίτην
1330 1977 1357 2034 δέ
1371 1979 1421 2047 την

302 2071 411 2147 ἀθλαθῆ
425 2077 474 2151 μἐν
486 2074 641 2143 παντελῶς,
655 2076 685 2132 ἐκ
702 2077 831 2155 βραχείας
841 2075 868 2132 δὲ
880 2076 1056 2150 ἀναμνήσεως
1069 2078 1114 2132 καὶ
1125 2074 1288 2158 φιλοσοφίας
1304 2077 1422 2154 ἑκατέρῳ

302 2175 346 2231 καί
360 2180 398 2252 τῷ
414 2173 532 2251 αἰσθητῷ
552 2174 597 2230 καί
616 2179 653 2251 τῷ
669 2180 757 2250 νοητῷ
771 2173 871 2231 κάλλει
884 2175 914 2230 τό
929 2174 1082 2254 πρόσφορον
1099 2175 1195 2253 μέτρον
1211 2170 1421 2240 έπιάάλλουσαν,

302 2273 371 2329 κατά
389 2273 436 2328 τόν
452 2269 620 2346 μολυνθέντα
636 2272 695 2346 μέν,
712 2272 774 2351 πρὶν
791 2269 819 2328 δέ
836 2268 974 2349 βλαθῆναι
988 2274 1096 2353 ταχέως
1114 2273 1269 2347 ἰασάμενον,
1285 2277 1320 2344 ἧς
1334 2274 1348 2328 6
1364 2279 1422 2327 Σω·

302 2373 404 2451 κράτης
419 2367 561 2449 ἔνδειγμα.
577 2373 626 2427 Καὶ
640 2371 671 2427 οὑ
686 2369 773 2442 δήπου
789 2371 883 2428 ἑαυτὸν
896 2370 1052 2447 βοάλεταιό
1068 2371 1216 2449 Σωκράτης
1226 2371 1272 2427 καὶ
1288 2371 1423 2449 Στησιχό·

240 2480 271 2531 20
304 2492 350 2551 μου
365 2472 410 2527 καὶ
423 2469 542 2549 Ὀμήρου
557 2469 701 2548 ὑπέρτερον
720 2468 814 2538 δεῖξαι,
836 2468 910 2526 ἀλλά
929 2475 983 2525 των
1002 2465 1085 2534 ἕξεων
1104 2467 1182 2525 ἕνεκα
1201 2476 1256 2525 τῶν
1274 2468 1424 2548 εἰρημένων

304 2577 363 2632 ταῖς
379 2568 509 2648 ἰστορίαις
523 2568 631 2631 ταὺταις
647 2567 843 2648 ἀποκέχρηται.
866 2567 938 2623 Κατά
958 2568 1007 2641 μέν
1027 2566 1073 2624 οὑν
1091 2568 1193 2639 ταύτην
1212 2569 1263 2638 τὴν
1283 2564 1425 2633 ἀνάπτυξιν

303 2669 349 2725 καὶ
359 2667 418 2725 κατ’
430 2667 495 2723 αὑτὸ
504 2668 535 2723 τό
547 2667 709 2747 φαινόμενον
720 2674 769 2736 τῆς
780 2665 900 2745 ἰστορίας
915 2667 961 2722 καί
976 2668 1023 2730 τάς
1040 2667 1216 2731 Πλατωνικάς
1230 2663 1298 2732 ’έξεις
1314 2664 1425 2722 καταθε-

306 2769 414 2846 έστερος
431 2767 480 2841 μέν
495 2765 563 2823 ἐστιν
577 2763 716 2844 Ὅμηρος,
737 2766 879 2844 ὑπέρτερος
898 2761 925 2820 δέ
945 2765 959 2820 6
981 2766 1163 2846 Στησίχορος,
1180 2766 1287 2821 πάντων
1303 2764 1331 2821 δέ
1346 2766 1425 2843 ὑπερ·

307 2869 379 2949 έχων
395 2867 409 2922 ό
427 2866 584 2944 Σωκράτης.
600 2863 716 2921 Δυνατόν
731 2862 759 2921 δέ
774 2863 870 2942 ἑτέρως
884 2864 935 2933 τὴν
948 2859 1091 2928 ἀνάπτυξιν
1105 2864 1289 2938 ποιησάμενον
1302 2865 1363 2942 περὶ
1377 2871 1426 2934 τῆς

201 2973 289 3023 ἰ·39ε·
305 2964 474 3046 τυφλότητος
488 2963 622 3021 ἀνάπαλιν
636 2963 687 3033 τὴν
697 2959 770 3028 τάξιν
782 2968 835 3018 τῶν
849 2961 952 3042 ἀνδρῶν
965 2959 1061 3034 δεῖξαι,
1072 2963 1217 3042 ὑπέρτερον
1230 2964 1278 3036 μέν
1297 2960 1302 3040 Ι
1320 2963 1427 3018 πάντων

305 3064 351 3120 τόν
366 3060 491 3140 Ὅμηρον
510 3062 652 3142 ὑφειμένον
670 3059 698 3117 δὲ
716 3061 761 3116 τὸν
783 3060 962 3141 Στησίχορον,
983 3060 1192 3140 καταδεέστερον
1211 3059 1240 3116 δέ
1258 3061 1367 3116 πάντων
1381 3060 1427 3116 τόν

309 3162 463 3240 Σωκράτην.
487 3161 536 3217 Καὶ
557 3161 607 3240 γάρ
628 3161 672 3217 καίΙ
693 3162 821 3237 περὶτοῦ
843 3157 996 3238 Θαμὺριθος
1022 3157 1146 3237 λέγουσιν
1168 3160 1209 3216 ότι
1232 3161 1429 3230 συναντήσασαι

308 3259 378 3337 αὑτῷ
393 3261 421 3316 αἰ
436 3263 541 3315 Μοῦσαι
554 3256 655 3338 τυφλόν
669 3255 772 3328 ἔθεσαν,
789 3258 910 3314 τουτέστι
929 3266 979 3328 τῆς
997 3259 1046 3332 μέν
1062 3259 1193 3329 αἰσθητῆς
1212 3258 1258 3312 καί
1276 3252 1329 3322 έξω
1349 3277 1428 3312 τετα-

202 3380 226 3430 p.
241 3366 288 3416 100
310 3359 393 3433 μένης
410 3355 500 3432 ὅψεως
516 3356 597 3413 αὑτόν
612 3353 727 3412 ἔπαυσαν
742 3358 786 3412 καί
801 3361 848 3412 τοῦ
863 3357 894 3412 τό
910 3357 1035 3428 αἰσθητὸν
1051 3356 1168 3432 κάλΙλοτ
1187 3356 1325 3428 ἀνυμνεῑν,
1344 3356 1382 3417 εἰς
1401 3352 1430 3426 6}

250 3456 280 3505 30
311 3459 340 3514 τὸ
360 3457 458 3529 νοητόν
477 3457 522 3513 καὶ
540 3458 590 3526 την
610 3455 695 3535 ἀφανῆ
717 3455 808 3511 οὑσίαν
826 3457 871 3510 καί
889 3456 920 3511 τὸ
940 3453 1022 3518 όντως
1036 3453 1066 3511 ὑν
1087 3451 1192 3518 κάλλος
1211 3453 1292 3510 αὑτοῦ
1306 3454 1336 3509 τὸ
1353 3451 1431 3527 ὄμμα

309 3558 487 3635 περιήγαγον.
511 3551 598 3625 Δηλοί
619 3552 666 3609 οὑν
689 3553 730 3609 ότι
749 3550 871 3631 ’Όμηρος
894 3553 942 3627 μέν
963 3553 1062 3633 τυφλὸς
1084 3552 1234 3626 ἀπομείνας
1254 3550 1375 3625 ἐνέμεινε
1397 3554 1430 3624 τῇ

322 3768 372 3839 ,27
388 3772 453 3819 ante
466 3780 563 3818 omnes
583 3767 661 3818 Ηοιι.
683 3768 705 3817 Β
724 3766 770 3816 594
787 3779 846 3831 sqq.

344 3885 616 3953 ΝΟθΣωκράτηνΜ
680 3880 857 3951 όιίὑνίδιὺΜ
921 3881 1206 3950 4βλα6εἰς1βλάθηςΜ
1273 3877 1431 3942 αἰσθόμενος]

313 3964 490 4024 αἰσθανόμενος
503 3959 530 4008 Μ
595 3959 650 4010 ὅδὲ
664 3973 717 4008 om.
735 3957 763 4006 M
828 3956 842 4005 7
859 3961 980 4022 προσχεῖν
996 3954 1052 4016 jam
1067 3953 1176 4003 delebat
1189 3956 1256 4013 Ass,
1274 3964 1325 4013 ego
1342 3955 1433 4000 cetera

313 4032 414 4085 seclusi
476 4032 491 4080 9
516 4031 580 4082 licet
603 4043 692 4095 genus
715 4030 783 4079 mire
804 4033 934 4086 mutetur,
959 4027 1027 4076 nihil
1053 4025 1247 4088 corrigendum
1272 4035 1374 4079 censeo

315 4107 344 4157 11
359 4105 385 4156 δὲ
399 4103 491 4154 addidi
555 4104 584 4154 12
598 4113 632 4171 τῷ
643 4112 706 4151 ante
715 4099 806 4167 πρώτῳ
819 4112 873 4148 om.
886 4100 913 4147 M
980 4097 1009 4147 14
1025 4099 1063 4147 διὸ
1076 4124 1106 4132 -
1119 4097 1257 4160 ἁναθλέψαι
1271 4093 1372 4142 seclusi

316 4178 346 4226 19
365 4177 395 4227 οὑ
411 4174 501 4240 δήπου]
519 4176 576 4226 οὑδέ
594 4194 643 4225 που
664 4173 693 4222 Μ
757 4171 786 4221 21
812 4180 871 4234 post
892 4168 1025 4226 ἀνάπτυξιν
1048 4168 1100 4217 EM
1121 4167 1184 4216 add.
1205 4163 1376 4227 ποιησάμενον
1396 4163 1434 4226 (ἢν

316 4246 468 4311 ἐποιήσαμεν
484 4248 549 4310 Ass)
565 4249 676 4312 περὶτῆς
692 4242 841 4307 τυρλὼσεως
856 4241 1013 4306 (τυφλότητος
1028 4239 1058 4302 Ε)
1073 4256 1079 4289 :
1095 4239 1130 4288 οἰ.
1147 4238 1176 4287 24
1241 4236 1271 4284 22
1290 4236 1344 4284 κατ’
1364 4233 1435 4299 αὑτό]

315 4319 380 4369 κατά
396 4319 423 4367 Μ
487 4320 517 4368 25
534 4320 667 4383 ὑπέρτερον
680 4315 706 4365 δὲ
720 4314 761 4377 μέν
779 4314 805 4362 Μ
871 4314 902 4362 26
917 4312 1021 4362 δὲαοθε
1036 4308 1145 4373 πάντων]
1163 4308 1206 4372 μέν
1221 4308 1248 4355 Μ
1313 4305 1435 4355 essm»-

317 4391 374 4450 σανί
391 4393 511 4452 ἐποίησαν
526 4389 552 4437 Μ
569 4401 574 4435 2
591 4390 735 4448 ἀπέστησαν
748 4387 806 4433 As'l·
868 4387 912 4433 τοῦ
927 4381 965 4446 τὸ]
976 4385 1048 4432 τοῦτο
1062 4382 1088 4430 Μ
1107 4380 1128 4444 (ο
1144 4378 1184 4426 ad
1200 4376 1282 4425 cerba
1295 4379 1368 4427 τοῦτο
1382 4380 1436 4426 κτλ.

318 4459 441 4523 intelliye
456 4465 524 4511 τοὺν
545 4459 612 4520 Ass)
629 4472 635 4506 :
655 4458 682 4507 τό
696 4460 769 4506 τοῦτο
787 4455 806 4505 F
870 4454 900 4503 30
919 4451 1005 4517 ὄντως]
1025 4453 1104 4510 οὑτως
1125 4450 1175 4499 FM
1197 4449 1262 4510 (jam
1282 4457 1437 4497 correxerat

318 4535 385 4591 Λετί
450 4526 872 4587 αὑτοῦ-77.2κάλλοςοω.Μ
938 4523 1019 4588 όμμα]
1036 4524 1116 4587 ὄνομα
1135 4521 1182 4570 DE
1246 4520 1274 4568 31
1293 4520 1330 4568 ότι
1345 4532 1399 4567 om.
1417 4519 1436 4566 θ’

321 4604 363 4667 μὲν
378 4617 432 4652 om.
449 4602 493 4652 ΟΕ
556 4600 672 4664 ἐνέμεινε]
690 4601 801 4663 ἀνέμεινε
822 4597 843 4647 Β
