3248 5512
390 456 445 506 ΕΙΣ
466 456 526 506 TON
549 456 723 508 ΠΛΑΤΩΝΟΣ
745 456 887 509 ΦΑΙΔΡΟΝ
912 458 1032 509 ΣΧΟΛΙΑ
1239 468 1270 520 15

80 615 131 680 [66]
155 609 200 666 καὶ
220 607 346 690 άνωτέρω
368 610 440 690 παρά
462 615 509 667 τοῦ
534 612 691 691 Σωκράτους
710 614 864 690 μεμάθηκε·
885 620 924 689 τῷ
948 615 1102 696 φαινομένῳ
1124 614 1171 674 οὖν
1188 638 1269 697 προσ-

155 709 228 789 έχων
242 704 338 766 ἔλαθεν
353 707 477 783 ἐμπεσών
491 709 529 772 εἷς
543 709 574 766 τό
589 709 840 789 ἑπικεκαλυμμένον
859 714 905 770 καὶ
923 714 1031 787 νοητὸν,
1053 712 1144 772 είτουν
1161 716 1270 797 κρύφιον

154 808 199 864 καὶ
214 804 295 882 μόλις
312 805 478 886 διορώμενον
494 807 584 888 (τοῦτο
599 811 650 889 γάρ
670 810 701 866 τὸ
723 809 867 891 Φαῖδρος
888 809 990 892 δηλοῖ),
1013 813 1058 869 καῖ
1078 813 1130 870 άπὸ
1148 813 1269 878 κάλλους

156 907 193 969 εἷς
222 903 326 970 κάλλος
353 904 487 981 μετῆλθεν
515 908 553 969 ὡς
582 907 652 965 εἶναι
679 909 761 966 τύπον
785 910 816 966 οὔ
841 907 939 985 μέλλει
960 912 1128 985 μαθήσεσθαι
1153 912 1183 969 τὸ
1206 910 1269 993 παρ’

108 1012 124 1061 5
156 1004 259 1062 ἐκείνου
285 1004 484 1084 γινωσκόμενον
510 1005 604 1065 καλόν.
634 1005 769 1065 Ἐντεῦθεν
794 1009 839 1064 καί
867 1007 938 1065 άλλο
965 1030 990 1064 τι
1019 1011 1200 1087 μανθάνομεν,
1231 1011 1269 1073 ώς

156 1105 243 1184 ὁρμήν
255 1100 365 1185 ἔχοντες
381 1104 418 1167 είς
432 1104 463 1160 τὸ
478 1103 578 1182 άγαθὸν
592 1106 638 1161 καὶ
650 1105 802 1186 προθυμίαν
816 1107 862 1163 καὶ
877 1102 976 1187 ἐ’φεσιν,
999 1108 1023 1164 εί
1042 1109 1087 1165 καὶ
1102 1109 1270 1189 σφαλοίμεθα

155 1202 291 1265 πολλάκις
311 1200 354 1259 διά
367 1204 397 1258 τὸ
412 1203 584 1283 φαινόμενον,
600 1201 664 1261 ἀλλ’
687 1202 733 1261 οὖν
754 1205 785 1261 τὸ
808 1204 837 1262 δν
858 1203 1058 1281 διδασκόμενοι,
1081 1207 1112 1263 οὐ
1133 1206 1269 1270 δυσπετῶς

155 1296 257 1382 ἔχομεν
272 1302 338 1380 πρὸς
354 1300 419 1357 αὐτὸ
438 1301 487 1358 άτε
500 1308 549 1372 τῆς
563 1304 653 1382 ψυχῆς
666 1305 749 1378 ὴμῶν
769 1304 992 1385 προκατεχοθσής
1008 1305 1084 1378 αὐτὸ,
1110 1306 1132 1362 εί
1145 1306 1191 1362 καί
1210 1305 1270 1385 περὶ

154 1400 185 1456 τὸ
199 1406 312 1478 πρᾶγμα
325 1400 461 1470 ήπάτητο·
480 1400 503 1456 εί
518 1401 568 1479 γάρ
583 1402 622 1476 μή
638 1402 652 1457 ὁ
667 1399 784 1481 Φαῖδρος
802 1401 919 1467 κάλλους
934 1401 1033 1483 ἐφίετο,
1050 1402 1099 1459 οθκ
1119 1402 1150 1461 θν
1168 1401 1271 1468 κάλλος

93 1500 126 1551 1⁰
157 1497 298 1573 ἐμάνθανε.

197 1590 272 1664 Δόξει
301 1596 349 1672 μὶν
377 1596 557 1677 ἀντιστρόφως
584 1593 669 1678 ἔχειν.
705 1591 825 1679 Ἑξαχῶς
851 1601 903 1679 γάρ
928 1607 978 1671 τῆς
1011 1603 1145 1671 κινήσεως
1173 1597 1267 1673 οὔσης,

155 1697 273 1756 ποθὲν...
296 1715 344 1751 ποι
363 1697 413 1765 τήν
434 1694 517 1776 φοράν
537 1695 705 1771 ώνυμάκασι·
727 1703 891 1776 προηγεῖται
911 1697 999 1754 τοίνυν
1018 1698 1049 1754 τὸ
1069 1698 1179 1770 πόθεν,
1203 1698 1270 1754 ἐπά-

156 1817 233 1874 γεται
248 1793 276 1852 δέ
290 1796 321 1851 τὸ
334 1799 403 1853 ποῖ.
419 1791 497 1851 Ἀλλ’
512 1790 582 1850 ἔστιν
598 1795 683 1852 εἰπεῖν
699 1793 819 1873 λογικῶς
836 1795 885 1871 μέν
901 1796 938 1860 ώς
955 1798 974 1866 ή
995 1796 1044 1870 μὲν
1063 1797 1166 1868 κίνησις
1182 1796 1269 1877 ἀρχὴν

157 1896 205 1970 μὲν
226 1891 286 1975 ἔχει
308 1894 338 1950 τὸ
359 1893 452 1966 πόθεν,
476 1893 506 1949 τὸ
529 1890 557 1948 δέ
577 1899 625 1949 ποῖ
644 1892 787 1966 τελευτήν,
810 1896 828 1965 ή
852 1892 880 1950 δέ
899 1900 946 1951 τοῦ
965 1892 1124 1969 κινουμένου
1144 1895 1268 1975 πρόθεσις

92 1992 122 2044 15
156 1994 255 2050 ὡσανεί
277 2014 337 2048 τινα
360 1990 447 2071 ἀρχήν
470 1991 501 2047 τὸ
524 1996 572 2047 ποῖ
598 1987 667 2073 ἔχει·
694 1992 717 2048 εί
740 1994 791 2071 γάρ
816 1995 854 2067 μή
880 1996 985 2064 κινήσει
1007 1998 1102 2050 τοῦτον
1130 1991 1203 2064 άλλη
1227 2014 1268 2056 τις

155 2088 272 2172 ἔμφυτος
289 2088 374 2170 ὄρεξις
390 2090 427 2154 είς
441 2089 540 2162 ἐκεῖνο,
557 2089 607 2146 οὐκ
625 2089 657 2146 άν
672 2089 791 2148 ἐντεῦθεν
805 2092 944 2171 ὁρμήσειε·
963 2094 1001 2165 μὴ
1017 2091 1100 2167 μόνον
1116 2089 1144 2147 δέ
1158 2090 1201 2147 ἐπὶ
1213 2095 1269 2146 τῶν

48 2187 139 2239 1'20V'
157 2190 234 2264 ζῴων
259 2189 264 2269 Ι
288 2189 427 2247 ἀλλὰκαὶ
447 2186 489 2244 ἐπ’
511 2188 600 2245 αὐτῶν
620 2193 676 2245 τῶν
697 2194 826 2270 φυσικῶν·
849 2191 899 2261 τήν
923 2190 973 2270 γάρ
996 2191 1032 2255 εἰς
1056 2189 1147 2268 ὑγείαν
1167 2190 1271 2261 κίνησιν

155 2288 277 2369 θγίανσίν
297 2309 386 2370 φαμεν
406 2289 451 2344 καί
471 2288 521 2359 τὴν
542 2287 579 2352 είς
602 2287 680 2345 νόσον
701 2288 834 2362 νόσανσιν,
859 2289 896 2352 ώς
919 2289 949 2346 ἐκ
968 2294 1023 2346 τῶν
1038 2289 1128 2346 τελῶν
1145 2289 1269 2362 ώνομασ-

156 2388 244 2463 μένων
259 2393 314 2446 τῶν
334 2390 479 2460 κινήσεων,
502 2387 616 2453 Ἠθικῶς
636 2386 664 2444 δέ
685 2387 727 2444 ότι
749 2387 867 2467 ἐντρέπει
887 2389 934 2444 τὸν
953 2387 1070 2467 Φαῖδρον
1089 2389 1104 2445 θ
1125 2387 1270 2466 Σωκράτης

92 2475 124 2527 2⁰
154 2487 199 2543 καὶ
213 2487 296 2544 οἱονεὶ
311 2485 396 2563 λέγει·
415 2510 428 2539 ιι
444 2491 492 2541 ποῖ
505 2486 627 2565 πορεθῃ;
642 2486 726 2542 πόθεν
740 2484 871 2561 έξῆλθες;
888 2485 994 2567 άφῆκας
1010 2486 1040 2542 τὸ
1055 2484 1140 2550 ὄντως
1152 2485 1267 2558 κάλλος,

154 2581 405 2654 τὸέντοῖςθείοις,
421 2583 510 2640 καὶτὸ
532 2583 559 2640 ἐν
581 2583 880 2663 λόγοις“τεθαώμακας;
904 2583 953 2663 δρα
973 2582 1005 2655 δὴ
1028 2589 1076 2640 ποῖ
1093 2584 1266 2655 κατήντηκας

154 2684 199 2740 καὶ
219 2683 305 2746 οὕτως
324 2682 416 2761 γνώσῃ
439 2682 520 2739 πόθεν
542 2679 665 2753 ἐξῆλθες·
689 2683 727 2745 ὡς
750 2683 813 2763 γάρ,
836 2684 899 2763 φέρε
917 2683 1013 2755 εἰπεῖν,
1030 2682 1144 2739 ἐπὶτῶν
1163 2679 1233 2737 ὁδῶν
1250 2679 1268 2750 ή

155 2782 198 2839 ἐπὶ
219 2787 275 2839 τῶν
296 2780 392 2860 ἐτέρων
413 2780 520 2861 τρόπων
541 2780 591 2837 οθκ
613 2778 706 2844 άλλως
728 2783 762 2837 τά
785 2780 903 2861 πρότερα
932 2783 1078 2855 ζητοῦμεν,
1104 2780 1127 2837 εἰ
1154 2781 1191 2854 μὴ
1212 2783 1269 2835 τῶν

156 2879 284 2960 δευτέρων
298 2878 513 2960 δυσχερεστέρων
529 2876 613 2936 ’όντων
629 2878 656 2936 ἐν
676 2880 776 2958 γνώσει
794 2880 948 2958 γενώμεθα,
966 2878 1036 2936 οὕτω
1049 2877 1082 2950 δὴ
1097 2879 1142 2935 καὶ
1157 2878 1269 2935 ἐνταῦθα

155 2980 204 3037 οὐκ
224 2979 318 3042 άλλως
341 2976 414 3060 έχεις
437 2981 544 3054 μαθεῖν,
569 2978 591 3034 ώ
617 2976 728 3058 Φαῖδρε,
752 2972 780 3044 ἐξ
803 2980 835 3034 οὗ
859 2979 1044 3058 συνηρπάγης,
1067 2978 1090 3036 εί
1111 2979 1149 3052 μή
1174 2976 1267 3055 γνώσῃ

154 3074 196 3158 ἐφ’
211 3075 272 3133 ὅσον
285 3077 330 3133 καὶ
344 3077 375 3134 οὗ
391 3075 557 3147 συνηλάθης·
573 3079 591 3148 ἠ
607 3076 658 3155 γάρ
676 3081 798 3156 παροῦσα
813 3074 957 3155 διαμαρτία
971 3077 1088 3154 ὑπόγυος
1102 3072 1168 3131 οὖσα
1189 3075 1266 3144 ἱκανή

155 3176 225 3233 ἐστιν
248 3167 342 3240 άνάξαι
364 3175 433 3232 κατά
455 3196 516 3232 τινα
540 3172 723 3249 άναποδιαμθν
745 3175 812 3255 πρὸς
836 3177 886 3246 τὴν
910 3172 995 3238 ὅντως
1017 3176 1093 3254 ψυχῇ
1116 3173 1268 3252 πρέπουσαν

153 3275 325 3333 κατάστασιν.
343 3297 359 3330 ιι
374 3273 451 3355 Ἔχει
465 3294 505 3336 τις
521 3275 565 3330 καὶ
586 3279 704 3355 φυσικῶς
727 3275 812 3331 εἰπεῖν
835 3273 877 3330 δ’τι
890 3271 1064 3344 <έπειδή>
1078 3271 1110 3327 τὸ
1132 3271 1201 3346 μετὰ
1221 3268 1267 3325 τδν

155 3371 320 3453 δημιουργὸν
342 3370 463 3452 δεύτερον
484 3373 626 3443 ποιητικὸν
649 3369 738 3429 αἴτιον
760 3375 779 3443 ἡ
802 3372 887 3453 φάσις,
909 3369 1142 3452 προθποκειμένου
1161 3369 1204 3426 ὅτι
1223 3369 1268 3424 καί

186 3616 233 3667 Nc
247 3615 262 3665 2
276 3616 401 3680 ἐμπεσὼν]
418 3615 530 3667 ἐκπεσὼν
545 3616 574 3666 Μ
638 3618 726 3679 νοητδν
741 3615 789 3667 sed
804 3615 878 3679 prius
895 3636 907 3666 ν
922 3628 958 3666 ex
973 3616 1082 3667 emend.
1098 3617 1122 3665 Α
1186 3617 1267 3664 εἵτουν

154 3684 266 3755 κρθφιον]
286 3689 307 3739 εί
320 3690 348 3738 τὸ
363 3683 494 3753 ἐγκρθφιον
510 3686 539 3736 Μ
602 3686 674 3751 3τδ]
691 3686 751 3738 αὗτδ
770 3693 828 3737 Aa?
889 3687 1088 3752 6άγαθδνοω.
1104 3685 1132 3735 Μ
1150 3685 1224 3734 unde
1241 3701 1267 3735 τε

154 3773 202 3824 pro
215 3761 243 3810 τδ
257 3758 391 3811 scribebat
405 3762 464 3809 Αοτ
527 3757 555 3809 11
570 3759 636 3816 δόξει
655 3759 762 3821 scripsi:
786 3761 864 3815 δόξειε
885 3757 948 3808 libri
968 3760 992 3819 (δ
1012 3756 1086 3808 rubr.
1101 3760 1148 3817 At:
1165 3755 1223 3805 scil.
1239 3756 1266 3806 τὸ

154 3836 198 3883 ποῖ
206 3834 248 3881 καί
259 3833 331 3882 πόθεν
395 3829 500 3898 ἱξαχῶς]
517 3832 610 3897 ἐξόχως
630 3830 685 3879 M¹t
708 3833 802 3896 ἐξοχῶς
818 3830 875 3879 M2:
891 3832 982 3896 ἐξόχως
996 3832 1054 3880 Αετ
1068 3828 1124 3892 (qui
1138 3827 1266 3877 adnotat:

155 3901 317 3965 «conjicere
327 3901 422 3967 possis
434 3904 459 3959 ἐξ
471 3900 561 3968 ἀρχῆς)
625 3902 654 3952 12
668 3901 708 3952 sic
722 3901 779 3951 iere
791 3900 975 3965 supplendum
989 3916 994 3952 :
1012 3901 1085 3952 ποθὲν
1102 3898 1174 3962 (τὴν
1189 3901 1267 3963 ἀφορ-

156 3971 244 4038 μὴν,>
263 3979 308 4026 ποῖ
319 3973 363 4038 τὴν
378 3973 456 4039 φοράν
520 3972 677 4037 ὠνομάκασι]
693 3973 849 4035 ώνόμασεΜ
914 3972 945 4023 14
958 3973 986 4024 τὸ
1001 3973 1028 4023 δέ
1041 3977 1086 4023 ποῖ
1099 3970 1206 4034 scripsi:
1225 3974 1269 4020 ποῖ

155 4045 181 4096 δέ
194 4043 238 4107 τὴν
250 4044 312 4095 libri
373 4045 402 4095 15
416 4043 545 4107 κινήοειιθ
608 4044 638 4093 17
661 4045 698 4094 ἐπ’
724 4040 878 4108 αθτῶν]’ἐπί
902 4045 928 4092 Μ
993 4043 1067 4095 18·19
1082 4045 1267 4106 ὠνομασμένων

153 4116 266 4179 scripsi:
284 4119 462 4181 ὸνομασμένων
477 4119 532 4165 An
548 4118 737 4179 ὀνομαζομένων
753 4114 807 4165 ΒΜ
872 4113 902 4163 19
921 4114 1054 4178 κινήσεων]
1075 4111 1217 4176 κινημάτων
1237 4111 1265 4161 Μ

215 4185 247 4236 20
260 4190 302 4238 καί
316 4192 389 4239 πόθεν
402 4189 430 4238 M
494 4191 522 4240 τὸ
537 4188 614 4245 ὅντως
627 4187 632 4250 Ι
645 4185 737 4243 κάλλος
748 4185 831 4245 (linea
842 4185 928 4236 finem
940 4197 1037 4235 versus
1050 4183 1162 4242 indicati
1177 4182 1267 4246 legere

153 4259 238 4308 estin
253 4261 293 4308 A:
311 4258 419 4310 ώέντω
434 4258 588 4323 κάΙήείοήα
605 4257 695 4316 κάλλος
711 4270 718 4306 t
736 4258 764 4308 τό
779 4261 804 4308 ἐν
817 4263 870 4315 ταῖς
886 4261 979 4324 ψυχαῖς
998 4255 1088 4313 κάλλος
1104 4253 1191 4312 ΒΕΜ,
1204 4266 1267 4316 quae

153 4329 209 4379 huc
233 4343 287 4380 non
308 4331 444 4395 pertinent
506 4329 536 4381 21
554 4329 595 4393 δὴ]
611 4330 637 4381 δὲ
661 4329 688 4378 Μ
753 4328 783 4378 23
806 4328 912 4381 τόπων1
974 4326 1044 4378 θόὲν
1061 4325 1152 4392 γνώσει
1172 4325 1267 4375 BEM:

154 4418 180 4451 εν
196 4400 302 4466 γνώσειν
317 4405 354 4452 Α·
418 4403 447 4452 25
463 4392 503 4467 οὗ]
518 4396 591 4452 ώνΜ
656 4400 686 4450 26
700 4399 799 4452 littorae
814 4398 1043 4464 ηλάθηςθνκηίἀεὲ
1057 4397 1120 4448 ἰωΑ
1184 4397 1210 4461 ή]
1227 4402 1269 4448 δα

216 4472 245 4522 27
261 4473 445 4538 άναποδισμδν]
462 4474 602 4538 άποδισμδν
618 4471 671 4522 ΒΜ
684 4486 692 4523 :
708 4473 856 4536 ἀποδασμὸν
868 4475 926 4521 ΛΒΤ
938 4470 995 4534 (qui
1010 4475 1036 4521 et
1050 4469 1192 4533 άναθαθμδν
1205 4481 1270 4518 con-

154 4543 228 4608 jecit)
293 4550 436 4612 πρέπουσαν
453 4559 511 4596 non
533 4544 591 4607 jam
614 4543 714 4609 legitur
734 4543 762 4593 in
782 4545 806 4593 Α
870 4542 902 4593 28
925 4540 1009 4605 ἐπειδὴ
1028 4540 1120 4591 addidi
1183 4539 1214 4592 29
1232 4539 1269 4591 δτι

156 4627 234 4666 evan.
251 4617 279 4667 in
295 4619 319 4667 Α
