3248 5512
238 494 285 527 vin
487 476 489 483 ’
674 473 920 531 PROLEGOMENA

238 641 332 699 semel
348 641 379 699 in
394 641 474 700 libro
494 642 611 722 legerat
630 644 887 718 obliviscebatur;
904 646 997 706 immo
1017 650 1088 707 dum
1109 650 1263 721 studebat,
1280 652 1357 711 nulli
1396 708 1399 712 .

238 747 393 827 φιλοπονίᾳ,
409 768 448 806 ne
464 748 576 808 Proclo
592 750 716 828 quidem
733 765 797 811 erat
810 752 950 814 inferior.
967 754 1036 815 Non
1056 767 1156 814 tamen
1180 757 1221 816 ita
1240 758 1356 838 ingenii

238 859 377 918 acumine
392 858 547 938 praestitit,
560 877 659 937 neque
675 858 805 939 ἀγχίνους
820 879 920 937 neque
936 857 997 925 ὀξύς
1009 860 1104 919 luisse
1115 860 1238 932 dicitur,
1250 881 1357 920 verum
1454 910 1458 916 .

237 987 368 1046 prorsus
391 967 422 1024 in
445 965 638 1025 inveniendis
654 967 845 1045 argumentis
860 966 1017 1039 inhabilis,
1039 967 1079 1027 ita
1102 980 1136 1026 ut
1157 967 1207 1026 vel
1229 989 1296 1047 quas
1320 990 1356 1027 ex
1437 954 1440 960 ¹

238 1075 298 1132 imo
314 1075 407 1133 corde
423 1093 495 1132 vera
510 1093 579 1131 esse
594 1073 801 1132 arbitrabatur
812 1094 847 1132 ea
861 1074 1181 1153 adversarioprobare
1197 1076 1357 1134 rarissimo

237 1193 355 1262 posset.
366 1179 471 1259 ltaque
483 1181 513 1238 in
524 1179 655 1239 historia
665 1180 778 1239 scholae
790 1180 1003 1240 Alexandrina
1015 1182 1090 1241 nihil
1104 1180 1171 1262 ejus
1181 1184 1355 1264 proprium,

238 1309 337 1369 neque
353 1290 520 1369 quidquam
548 1291 585 1348 de
609 1310 665 1349 suo
682 1290 819 1370 scripsit,
835 1304 919 1350 totus
943 1292 973 1350 in
990 1293 1054 1351 divi
1070 1292 1208 1352 Platonis
1225 1293 1356 1373 dialogis

239 1397 480 1475 interpretandis
506 1409 657 1456 versatus.
682 1396 782 1481 Leges
811 1412 911 1457 tamen
937 1398 968 1456 in
995 1399 1135 1479 catalogo
1164 1399 1357 1460 bibliothece

238 1503 466 1564 Escorialensis
482 1524 573 1584 quem
589 1519 658 1564 ante
674 1506 849 1565 incendium
865 1526 945 1564 anno
958 1507 1034 1566 1579
1049 1508 1217 1588 descripsit
1230 1508 1268 1568 G.
1287 1509 1357 1568 Lin-

239 1613 336 1671 danus
353 1612 491 1691 (Milleri,
508 1632 541 1690 p.
564 1613 632 1691 128)
650 1612 731 1671 inter
748 1611 1005 1692 philosophorum
1026 1614 1149 1673 codices
1167 1638 1173 1671 :
1192 1634 1207 1675 u
1226 1614 1358 1675 llermiae

240 1718 349 1777 medici
373 1719 584 1778 mathematica
610 1731 639 1778 et
664 1719 695 1777 in
719 1719 858 1778 Platonis
881 1719 1044 1780 Phaedrum
1066 1720 1224 1796 K·lll·16;
1248 1723 1359 1782 a-Vll-

242 1831 277 1889 17
291 1841 321 1888 et
336 1828 447 1890 eall-7
466 1854 499 1901 »3
518 1831 584 1902 sed,
608 1851 676 1890 cum
694 1830 725 1889 hi
743 1831 840 1911 plutei
856 1832 928 1911 igne
943 1830 1105 1911 perierint,
1124 1850 1185 1890 non
1197 1827 1358 1909 dijudicari

148 1972 153 1983 ·
240 1948 344 2014 potest
358 1948 460 1996 utrum
476 1948 584 1995 noster
596 1937 659 1996 haec
673 1938 883 1997 mathematica
897 1939 1059 2018 scripserit
1074 1959 1187 2010 annon,
1202 1951 1232 1998 et
1244 1960 1299 1998 cur
1310 1939 1358 1997 hic

241 2043 379 2100 medicus
395 2043 435 2101 sit
450 2043 551 2102 dictus
569 2067 575 2100 ι
593 2044 849 2104 verisimillimum
865 2057 965 2104 tamen
981 2059 1028 2106 est
1043 2047 1081 2105 de
1096 2045 1156 2104 alio
1170 2045 1219 2104 vel
1235 2047 1272 2104 de
1289 2045 1358 2104 aliis

241 2151 301 2229 agi,
319 2153 356 2210 de
372 2153 485 2230 quibus
500 2153 570 2211 vide
590 2152 776 2216 Fabricium.
797 2153 873 2212 Nam
894 2155 958 2234 qui,
976 2156 1003 2214 si
1023 2155 1187 2214 Damascio
1205 2157 1359 2215 credimus
1408 2150 1411 2197 ἶ

237 2277 340 2336 -neque
361 2258 452 2337 λόγων
471 2258 664 2317 ἀποδεικτικῶν
685 2261 807 2340 salpitae,
825 2281 924 2341 neque
946 2268 1069 2339 γενναῖος
1092 2261 1224 2334 ἀληθείας
1242 2264 1360 2335 ζητήτης

243 2367 309 2438 suit,
332 2388 431 2448 neque
451 2369 483 2428 in
503 2369 676 2448 eloquendo
695 2365 833 2448 ἀκρίὸειαν
851 2369 982 2448 adipisci
1002 2369 1113 2448 potuit,
1135 2370 1162 2428 is
1177 2370 1227 2429 vix
1247 2390 1280 2429 se
1297 2391 1360 2428 ma-

219 2531 221 2547 :
235 2478 412 2551 ¹thematicis
427 2481 564 2540 dederat.

283 2587 529 2647 Commentarios
552 2588 647 2668 igitur
666 2601 782 2647 tantum
809 2591 846 2648 de
867 2587 1006 2646 Platonis
1028 2588 1160 2669 dialogis
1180 2588 1357 2668 reliquerat,

243 2716 358 2775 eosque
382 2716 418 2753 ex
440 2695 479 2753 iis
494 2695 685 2774 compositos
706 2716 772 2774 quae
786 2695 835 2753 vel
852 2716 869 2753 a
885 2694 1016 2774 Syriano
1036 2695 1084 2755 vel
1108 2715 1125 2753 a
1141 2695 1253 2756 Proelo
1272 2695 1362 2755 audi-

241 2816 336 2869 verat,
353 2815 404 2862 aut
418 2805 501 2884 apud
512 2804 636 2883 priores
647 2803 832 2882 interpretes
848 2817 882 2862 ut
897 2803 1185 2884 Harpocrationem,
1195 2803 1243 2874 vel
1259 2802 1362 2882 philo-

243 2911 360 2991 sophos
372 2923 403 2969 ut
413 2910 580 2982 Plotinum,
594 2910 814 2989 Porphyrium,
824 2910 1035 2982 lamblichum,
1045 2911 1173 2989 legerat.
1186 2909 1361 2970 Verisimile

243 3029 291 3076 est
313 3037 381 3076 eum
405 3019 512 3098 plures
540 3017 718 3097 scripsisse,
737 3018 791 3075 sed
811 3019 849 3076 de
865 3013 949 3075 nullo
964 3019 1002 3076 ad
1017 3037 1074 3076 nos
1091 3017 1204 3075 mentio
1220 3018 1363 3096 pervenit

243 3125 304 3183 nisi
312 3126 353 3184 de
366 3144 403 3184 eo
419 3145 509 3204 quem
525 3126 743 3204 possidemus:
759 3124 789 3181 in
805 3144 867 3203 quo
880 3137 980 3182 tamen
996 3123 1150 3182 interdum
1166 3145 1199 3183 se
1216 3123 1361 3182 nonnulla
1382 3116 1383 3119 ¹

244 3235 360 3294 dixisse
375 3236 520 3314 declarat,
538 3255 605 3314 quae
625 3236 738 3294 frustra
754 3235 785 3292 in
799 3233 1046 3313 precedentibus
1062 3253 1192 3312 quaeras.
1345 3314 1347 3318 f

284 3343 452 3422 Postquam
468 3342 575 3422 paucis
591 3343 695 3402 verbis
709 3344 855 3422 praelatus
871 3353 928 3418 est,
946 3340 1099 3421 extemplo
1118 3340 1260 3400 Hermias
1278 3341 1369 3423 quod

247 3450 288 3508 sit
308 3449 422 3530 dialogi
443 3461 657 3529 argumentum
678 3448 844 3528 diligenter
865 3460 969 3506 narrat
976 3472 984 3522 ;
1010 3448 1133 3521 deinde,
1156 3449 1240 3527 quod
1265 3448 1362 3526 magis

245 3572 349 3618 notatu
365 3560 504 3639 dignum,
521 3557 648 3638 exponit
662 3558 744 3637 quid
760 3557 989 3637 reprehendant
1010 3557 1041 3616 in
1063 3558 1116 3615 illo
1135 3556 1275 3616 nonnulli
1291 3556 1365 3615 Pla-

245 3668 327 3727 tonis
352 3666 479 3738 inimici,
500 3687 518 3725 a
537 3666 690 3744 Dionysio
709 3665 757 3724 vel
777 3664 923 3742 Didymo,
940 3677 973 3723 ut
987 3664 1120 3736 videtur,
1137 3664 1318 3735 defluentes,
1334 3676 1364 3722 et
1454 3733 1459 3740 ,

245 3773 313 3852 ipse
335 3772 513 3853 philosophi
535 3792 656 3831 causam
680 3771 754 3850 agit.
777 3770 851 3830 lnde
872 3792 970 3851 usque
992 3772 1030 3830 ad
1053 3772 1144 3830 finem
1166 3771 1271 3850 operis
1292 3770 1364 3847 Pla-

245 3881 340 3940 tonici
361 3893 476 3939 textum
493 3879 675 3959 plerumque
698 3879 846 3938 verbatim
870 3879 1003 3958 explicat
1023 3899 1123 3958 neque
1146 3899 1275 3958 usquam
1295 3878 1364 3936 lon-

247 3991 317 4070 gius
339 3989 477 4060 disserit,
499 3987 559 4046 nisi
579 3988 616 4046 de
636 3985 753 4046 Animae
773 3986 999 4046 immortalitate
1019 4011 1026 4044 ι
1052 3987 1083 4044 in
1103 3987 1216 4064 quibus
1237 3985 1364 4044 scholiis

246 4109 311 4155 tres
335 4097 433 4154 libros
458 4095 577 4154 librarii
601 4096 751 4166 iecerunt,
777 4096 832 4153 sed
857 4114 918 4153 uno
942 4107 1050 4152 tenore
1074 4093 1136 4173 legi
1160 4105 1303 4172 possunt.
1330 4091 1365 4150 ln

247 4207 429 4289 explicando
442 4220 547 4286 utpote
560 4205 788 4265 Alexandrinus
801 4225 882 4285 saepe
896 4203 1039 4263 subtilior
1052 4217 1081 4262 et
1092 4204 1122 4262 in
1134 4202 1365 4281 simplicissimo
1586 4197 1588 4199 ’

247 4336 371 4395 quoque
390 4318 485 4374 verbo
508 4315 757 4375 reconditissima
781 4335 922 4394 quaerens
943 4329 972 4374 et
998 4314 1156 4392 mysteriis
1179 4314 1283 4393 digna,
1305 4334 1366 4372 non
1412 4345 1415 4350 ·
1457 4308 1484 4313 ”
1508 4346 1509 4349 =

249 4424 314 4483 sine
331 4426 430 4483 fructu
445 4438 546 4484 tamen
566 4427 604 4483 ab
623 4424 662 4484 iis
682 4424 735 4503 qui
760 4423 895 4483 historiae
914 4422 1138 4502 philosophicae
1157 4421 1274 4481 curiosi
1296 4434 1368 4482 sunt

248 4533 417 4605 evolvetur‚
430 4535 482 4612 qui
498 4535 667 4593 Platonicis
679 4535 804 4614 quidem
819 4534 907 4593 libris
928 4535 968 4592 sit
980 4534 1068 4613 quasi
1080 4534 1228 4604 imbutus
1240 4532 1367 4612 neopla·

248 4642 420 4701 toriicorum
440 4663 515 4702 vero
530 4646 670 4715 deorum,
683 4644 864 4714 demonum,
881 4642 1074 4721 angelorum,
1091 4640 1218 4700 heroum
1240 4642 1368 4722 ordines
