3120 5506
338 505 384 576 ¹80
715 461 857 559 ενιιειοι·
878 495 1075 546 οιιοεοψον

240 655 304 722 [159]
337 648 429 723 ἐπειδὴ
446 650 598 726 ἀσωμάτων
614 651 683 709 ἐστίν
697 655 715 724 ἡ
732 652 858 732 φρόνησις
872 652 917 709 καί
931 651 958 709 ἐν
971 651 1108 727 ἀσωμάτῳ
1123 651 1200 723 οὐσία
1218 650 1269 723 τῆς
1286 654 1378 731 ψυχῆς
1398 651 1453 728 epe-

335 771 389 808 ται.
401 751 431 807 Τί
446 749 492 807 οὖν
508 753 534 807 οί
550 749 693 832 ριλόσοροι
708 752 739 807 οῦ
753 754 815 830 περὶ
829 751 918 809 ἐκεῖνα
933 750 1038 826 μᾶλλον
1053 750 1210 822 ἐπτόηνται,
1225 749 1299 827 λέγω
1312 747 1345 820 δὴ
1361 749 1455 828 ρρὸνη-

338 871 389 925 σιν,
411 847 583 922 δικαιοσόνην
602 851 647 907 καί
666 852 699 906 τὰ
718 851 816 926 όμοια;
840 848 929 907 'Arre'
944 848 1062 928 λέγομεν
1076 849 1118 906 ότι
1136 855 1181 906 νῦν
1197 849 1228 906 οὐ
1242 850 1302 927 περὶ
1316 853 1369 905 τιῦν
1383 847 1456 927 ριλο·

337 948 427 1028 σόρων
446 953 500 1005 τῶν
519 946 573 1020 ἤδη
593 949 764 1029 ἀναχθέντων
784 949 837 1005 ἀπὸ
854 953 908 1005 τῶν
926 947 1000 1005 είδιῦν
1017 947 1059 1004 ἐπί
1072 947 1105 1004 τὰ
1118 948 1204 1020 νοητὰ
1217 946 1299 1025 λέγει,
1316 944 1383 1004 ἀλλὰ
1397 945 1455 1025 περί

290 1050 305 1098 5
336 1051 385 1103 τοῦ
402 1046 530 1126 ἐρωτικοῦ
545 1052 592 1105 τοῦ
608 1045 650 1105 διὰ
664 1053 712 1105 τοῦ
728 1046 848 1112 κάλλους
866 1045 907 1104 ἐπ’
925 1047 1025 1104 ἐκεῖνα·
1042 1042 1098 1103 ἐστι
1116 1044 1144 1103 δὲ
1160 1047 1192 1103 τό
1209 1046 1338 1125 ἐρωτικὸν
1356 1041 1455 1106 πλάτος

337 1143 421 1204 πολιί.

380 1303 424 1373 ιζ’.
447 1311 509 1362 Νῦν
532 1304 564 1363 δὲ
584 1305 842 1383 κάλλοςμὸνον]
865 1307 924 1365 250
946 1304 985 1365 D.
1066 1259 1069 1270 ι

348 1454 351 1460 ’
378 1446 487 1521 Ἐπειδὴ
504 1449 636 1527 ἀναλογεῖ
651 1453 688 1527 τῷ
703 1447 772 1530 φωτί
788 1450 830 1526 (τὸ
846 1448 897 1529 γὰρ
912 1448 964 1505 ἀπὸ
982 1453 1030 1505 τοῦ
1044 1447 1128 1519 ἡλίου
1147 1454 1204 1530 ρῶς
1222 1446 1375 1506 συνδετικόν
1393 1447 1457 1503 ἐστιν

339 1549 463 1627 ὁρατικοῦ
484 1547 529 1603 καί
551 1549 657 1628 ὁρατοῦ·
681 1548 853 1626 συζεόγνυται
874 1547 926 1626 γὰρ
948 1547 1037 1627 όρασις
1056 1549 1156 1626 ὁρατῷ·
1176 1548 1220 1603 καί
1238 1548 1344 1604 τοότων
1359 1546 1457 1624 γίνεται

276 1655 308 1706 10
339 1647 368 1703 τὸ
391 1652 446 1726 φῶς
471 1643 592 1725 δεσμός),
616 1646 663 1702 τὸν
687 1644 766 1702 αὐτὸν
789 1646 889 1724 τρόπον
914 1647 959 1702 καίΙ
981 1646 1012 1702 τὸ
1036 1643 1140 1711 κάλλος
1163 1644 1315 1702 συνδετικόν
1340 1644 1395 1702 ἐστι
1417 1645 1458 1699 καί

340 1746 466 1802 ἐνωτικὸν
486 1753 536 1817 τῆς
556 1748 648 1825 ψυχῆς
665 1745 732 1824 πρὸς
753 1744 898 1823 ἀναγωγὴν
913 1749 965 1800 τῶν
979 1748 1096 1815 νοητῶν.
1113 1744 1224 1824 Ἔσχεν
1242 1743 1288 1800 οῦν
1303 1744 1457 1815 τοιαὸτην

342 1850 462 1924 μοῖραν
476 1844 508 1901 τὸ
521 1842 638 1916 κάλλος,
651 1844 681 1901 τὸ
694 1841 833 1923 διεγείρειν
846 1844 978 1918 ἡμᾶςκαὶ
991 1850 1077 1901 κινεῖν
1089 1845 1138 1915 τὴν
1153 1844 1245 1924 ψυχὴν
1262 1843 1305 1901 ἐπὶ
1321 1844 1353 1899 τίι
1366 1843 1456 1913 νοητά.

382 2001 429 2074 ιη’.
453 2001 481 2057 Ὁ
504 2003 562 2078 μἐν
583 2000 640 2069 οῦνΥ
662 2004 705 2077 μὴ
727 2001 899 2084 νεοτελής]
922 2004 980 2062 250
1004 2001 1041 2091 Ε.

378 2152 431 2204 Τοῦ
450 2146 630 2222 ἐπιστὴμονός
650 2147 708 2204 ἐστι
727 2148 838 2213 καὶτὰς
857 2148 973 2213 πτίσσεις
993 2143 1038 2204 καί
1054 2148 1087 2204 τὰ
1107 2146 1213 2204 ἐναντία
1227 2152 1281 2202 τῶν
1295 2146 1459 2227 πραγμάτων

279 2255 309 2305 15
340 2252 469 2324 Βεωρεῑν,
487 2246 525 2309 ὡς
540 2248 584 2303 καὶ
599 2246 691 2326 ίατροῦ
709 2246 742 2302 τά
757 2247 856 2324 ὑγιεινὰ
870 2248 917 2303 καί
932 2244 1052 2319 νοσώδη.
1073 2234 1203 2303 Βοόλεται
1222 2244 1271 2302 οῦν
1288 2244 1334 2302 διὰ
1350 2251 1405 2302 τῶν
1419 2249 1459 2300 νῦν

339 2342 496 2421 λεγομένων
509 2345 558 2408 τὰς
573 2344 741 2408 ἀποπτώσεις
755 2349 803 2400 τοῦ
818 2343 918 2423 ἔρωτος
934 2351 1052 2424 θεωρεῖν
1067 2345 1113 2400 καὶ
1130 2345 1213 2401 εἰπεῖν
1227 2349 1287 2407 πῶς
1305 2344 1460 2424 ὑπορέρεται

341 2443 379 2505 είς
394 2440 548 2499 ἀκολασίαν·
566 2444 674 2523 ὕστερον
688 2443 739 2522 γάρ
752 2442 827 2521 λέγει
841 2442 887 2499 καί
901 2443 933 2499 τὰ
947 2442 1158 2522 κατορθώματα,
1172 2441 1214 2499 ότι
1228 2444 1310 2522 ρησίν
1323 2466 1339 2496 ιι
1354 2445 1372 2513 ἡ
1388 2442 1458 2521 ψυχὴ

339 2544 357 2612 ἡ
375 2542 417 2616 μὴ
436 2540 599 2613 νεοτελὴς,
615 2545 633 2613 ἡ
651 2543 689 2616 μὴ
704 2541 851 2599 πολυθεσί
860 2564 940 2616 μων,
957 2545 974 2612 ἡ
992 2540 1121 2621 συντυχία
1134 2542 1179 2597 καί
1197 2538 1269 2617 λὴθη
1284 2540 1458 2621 χρησαμένη,

341 2642 431 2720 ὁρῶσα
444 2640 474 2697 τό
486 2639 585 2705 κάλλος
597 2640 632 2697 οὐ
648 2637 789 2711 σέὸεται,
802 2639 874 2698 ἀλλὰ
885 2639 964 2713 δίκην
978 2637 1182 2719 τετράποδος
1200 2640 1271 2714 ζῴου
1286 2641 1415 2716 βαίνειν
1427 2638 1461 2700 είς

278 2747 316 2797 2’0-
341 2735 405 2792 αὐτό
419 2737 591 2818 ἐπιχειρεῖ.
608 2761 622 2791 ν
639 2772 678 2781 -
692 2743 733 2816 Τῷ
746 2737 774 2794 δὲ
791 2737 919 2814 βαίνειν
934 2735 1071 2817 ἐχρήσατο
1083 2735 1149 2816 δ’περ
1165 2734 1273 2811 μᾶλλον
1283 2742 1343 2801 τοῖς
1359 2735 1462 2813 ἀλόγοις

342 2834 422 2907 ζῴοις
440 2837 561 2915 ἁρμόζει.
582 2870 622 2881 -
641 2837 883 2916 Διερθαρμένος
900 2833 929 2891 δέ
948 2837 962 2891 ὁ
984 2837 1022 2909 μὴ
1043 2831 1116 2915 ἔχων
1136 2836 1332 2909 τὴνμνήμην.
1349 2865 1389 2880 -·-
1402 2834 1462 2891 Οὸκ

340 2929 441 2999 όξέως
462 2933 592 2992 ἐνθένδε
612 2932 656 3007 δὲ,
674 2936 810 2992 τουτέστιν
827 2935 880 2990 ἀπὸ
898 2939 952 2990 τιῦν
968 2935 1103 3007 αίσθητιῦν
1116 2930 1210 2990 καλιῦν
1225 2933 1410 3009 ἀναπέμπεται
1422 2932 1462 2990 ἐπὶ

340 3032 370 3087 τὸ
385 3032 482 3103 νοητὸν
495 3030 591 3092 καλόν.
608 3068 648 3077 -
668 3031 760 3097 Καλιῦς
779 3031 808 3090 δέ
825 3032 1015 3107 ἐπωνυμίαν
1030 3032 1114 3105 εἶπεν,
1132 3030 1225 3102 ἐπειδὴ
1242 3031 1376 3109 βοίλεται
1390 3031 1463 3111 πριό-

341 3152 395 3192 τως
410 3130 443 3187 τὰ
458 3131 578 3206 όνόματα
594 3134 700 3189 κεῖσθαι
716 3138 773 3195 τοῖς
792 3136 909 3204 νοητοῖς,
926 3131 971 3187 καί
985 3129 1048 3196 τοῦς
1064 3129 1162 3211 σοροὺς
1175 3132 1395 3202 κατανοήσαντας
1407 3136 1461 3193 τοῖς

278 3237 308 3286 25
341 3226 441 3286 είδεσιν
460 3230 531 3285 οὕτω
548 3229 580 3285 τίι
599 3229 710 3287 ἐνταῦθα
728 3229 756 3295 ἐξ
769 3228 881 3286 ἐκείνων
896 3229 1072 3303 ἐπονομάσαι.
1090 3227 1118 3284 '0
1132 3227 1161 3285 δὲ
1175 3227 1326 3309 ριλόσορος
1342 3227 1462 3308 Ἀριστο·

341 3327 424 3399 τέλης
440 3335 498 3392 τοῖς
511 3329 649 3407 πράγμασι
662 3335 719 3394 τοῖς
733 3329 870 3400 αίσθητοῖς
886 3327 1003 3407 πρώτως
1021 3327 1152 3404 βούλεται
1165 3331 1271 3385 κεῖσθαι
1284 3329 1318 3385 τά
1333 3328 1461 3402 όνόματα.

235 3432 324 3484 1·66ε·
341 3461 380 3471 —-
396 3426 642 3501 Θειὸμενοςοῦν,
665 3428 740 3506 ρησί,
756 3426 787 3483 τὸ
807 3427 932 3499 αίσθητὸν
951 3424 1056 3490 κάλλος
1075 3425 1081 3505 l
1099 3426 1149 3483 οὐκ
1167 3426 1407 3502 ἀναμιμνῄσκεται
1422 3423 1464 3481 ἀπ’

341 3524 422 3581 αὐτοῦ
438 3523 539 3581 ἐκείνου
557 3530 604 3582 τοῦ
623 3524 750 3595 κάλλους,
771 3525 854 3582 ὥστε
879 3524 913 3581 οὐ
936 3520 1069 3582 σέὸεται
1090 3529 1274 3604 προσορῶν·
1295 3522 1400 3604 Ὥσπερ
1417 3524 1465 3602 γὰρ

340 3623 374 3679 τίι
392 3621 537 3701 ἀγάλματα
556 3628 608 3679 τῶν
624 3629 697 3680 θεῶν
711 3625 725 3680 ὁ
741 3619 918 3695 εῦσεόὴςεκαί
933 3622 1046 3702 σώρρων
1061 3623 1129 3702 ἁνὴρ
1143 3604 1296 3701 προσκυνεῖ,
1314 3623 1353 3687 ὡς
1372 3622 1464 3697 ὁμοιό-

280 3726 310 3776 30
341 3721 409 3792 τητά
426 3743 483 3779 τινα
503 3720 602 3802 ἔχοντα
620 3722 687 3802 πρὸς
705 3721 738 3778 τὰ
757 3729 834 3792 θεῖα,
854 3722 940 3787 οὕτως
955 3723 1001 3777 καὶ
1016 3723 1030 3778 ό
1046 3720 1174 3800 ἐρωτικὸς
1192 3722 1223 3777 τὸ
1239 3720 1353 3778 ἐνταῦθα
1366 3719 1465 3783 κάλλος

343 3820 411 3898 ὁρῶν
427 3819 464 3884 ὡς
481 3820 630 3895 ὁμοιότητα
646 3816 710 3900 ἐ’χον
727 3821 794 3900 πρὸς
809 3820 839 3876 τὸ
852 3826 932 3878 θεῖον
946 3819 1064 3893 κάλλος,
1079 3815 1185 3877 σέὸεται
1200 3820 1237 3885 ὡς
1251 3817 1376 3898 ἄγαλμα.
1390 3820 1424 3876 Tb
1439 3817 1465 3880 ’δὲ

342 3915 444 3993 ἡδονῇ
461 3917 627 3997 παραδοὺς
648 3917 850 3999 τετράποδος
871 3919 961 3995 νόμῳ
983 3921 1040 3976 οἷον
1061 3915 1092 3974 ὁὶν
1111 3940 1152 3982 τις
1168 3918 1207 3983 ὡς
1223 3917 1401 3998 αἰχμάλωτος
1418 3917 1465 3974 ὑπὸ

374 4108 436 4158 TIT
456 4110 486 4159 23
503 4108 640 4167 Πλάτωνος
662 4110 704 4160 καὶ
727 4108 904 4175 Ἀριστοτέλης
923 4105 952 4172 (ί.
973 4105 1174 4174 Ἀριστοτέλους)
1194 4107 1250 4174 περί
1269 4113 1318 4157 τῶν
1339 4105 1467 4171 ὀνομάτων

343 4178 463 4247 διαφοράν
479 4179 505 4243 (l.
522 4179 673 4247 διαρορόιίΰ

375 4299 422 4349 ΝΟ
443 4302 455 4350 1
474 4298 629 4363 ἀσώματονθ
693 4294 784 4361 ίῆδη]
806 4298 861 4358 εἴδη
881 4295 909 4344 Μ
931 4293 996 4358 (jam
1019 4298 1176 4350 correxerat
1192 4294 1260 4358 Αετ)
1324 4294 1339 4342 5
1356 4296 1467 4344 ἐπίκοινα

340 4370 426 4425 libri:
445 4370 575 4435 intellege
592 4371 740 4437 ἀναχθέντος
803 4367 818 4415 7
835 4370 888 4428 νῦν,
904 4386 917 4415 ν
933 4366 1008 4415 rubr.
1024 4369 1047 4413 Α
1112 4364 1142 4414 12
1159 4367 1186 4416 τὸ
1202 4364 1228 4415 δέ
1242 4366 1373 4430 διεγείρειν
1388 4365 1414 4413 Μ
1434 4365 1468 4426 (τό

343 4440 373 4504 δὴ
392 4443 518 4508 διεγείρειν
538 4439 604 4505 Aer)
669 4440 698 4488 13
716 4443 729 4490 ό
748 4438 821 4498 rubr.
837 4442 862 4486 A
927 4437 956 4485 lb'
976 4445 1029 4493 πῶς
1046 4448 1101 4485 om.
1118 4435 1145 4484 M
1214 4433 1244 4485 18
1261 4437 1276 4497 ἡ
1293 4432 1327 4497 μὴ
1346 4432 1468 4497 νευτελὴς]

343 4511 501 4575 ἡμινεοτελὴς
524 4511 552 4561 Μ
616 4509 694 4576 22,δέ
710 4523 765 4560 om.
785 4508 812 4558 M
837 4507 906 4559 Plat.
970 4506 1049 4565 23-24
1068 4506 1100 4557 τδι
1119 4509 1231 4570 ὀνόματα
1249 4503 1356 4571 πρώτως
1380 4505 1408 4555 Μ

343 4584 373 4632 25
394 4583 551 4647 ἐπονομάσαι
572 4582 667 4645 scripsi
689 4595 696 4630 :
720 4579 926 4646 ἐπονομάσαντας
946 4578 1010 4628 libri
1073 4578 1103 4627 27
1125 4575 1254 4641 αίσθητῦν]
1276 4577 1422 4639 αίσθητικὸν
1442 4577 1467 4626 Μ

404 4653 436 4704 28
453 4652 511 4705 ὥστ’
527 4654 598 4704 Plar.
663 4651 693 4702 32
710 4650 790 4718 νόμῳ]
808 4656 886 4715 νόμον
902 4650 970 4700 Plat.
984 4663 990 4698 ε
1006 4649 1127 4720 om5DE
