3164 5512
323 463 373 518 258
704 452 844 508 mmor
864 453 1062 511 ΦΙΛΟΣΟΦΟΥ
1113 513 1116 519 ,

224 622 304 689 p.201
362 615 432 673 σοα’.
455 613 577 671 Οὐκοῦν
598 608 613 670 ό
633 612 756 696 τέχνην
778 608 950 696 οἰόμενος]
973 615 1031 675 275
1053 614 1090 674 C.

361 755 477 837 Ὥσπερ,
499 756 604 833 μέλλων
625 755 663 822 είς
680 757 731 828 τῆν
749 757 817 815 κατά
835 756 917 838 λόγον
934 759 1034 839 τέχνην
1053 757 1197 837 γινομένην
1217 755 1388 832 εἶσόάλλειν,
1405 762 1443 825 είς

321 854 405 921 θεοὺς
424 856 545 935 ἀνήγαγε
562 857 593 913 τὸ
612 852 765 936 πρόόλημα
782 856 828 914 καὶ
845 856 893 922 τάς
908 857 1030 931 Μούσας,
1046 854 1086 938 [θ]
1100 858 1191 915 καὶτὸ
1206 857 1266 938 περὶ
1282 858 1444 938 εὐπρεπείας

319 955 364 1011 καί
378 954 525 1035 ἀπρεπείας
538 962 644 1036 γραφῆς
658 955 696 1018 εἰς
709 940 790 1019 θεοὺς
806 953 908 1035 Ἑρμῆν
922 956 968 1012 καί
979 955 1125 1031 ΙἌμμωνα,
1141 955 1302 1036 εὐπρέπειαν
1314 962 1364 1014 τοῦ
1380 979 1443 1035 συγ-

272 1063 286 1112 5
318 1054 428 1135 γράφειν
444 1053 531 1132 λέγων
546 1053 687 1128 συντόμως
702 1053 787 1111 είπεῖν
802 1053 833 1110 τό
848 1059 926 1118 θεοῖς
939 1052 1122 1134 κεχαρισμένα
1135 1052 1226 1133 λέγειν
1240 1055 1272 1113 τὸ
1286 1054 1385 1128 ἀληθὲς
1399 1057 1443 1111 καί

318 1153 350 1209 τὸ
363 1151 450 1209 καλὸν
464 1151 677 1232 ἀφοριζομένους
692 1149 734 1209 ἐπ’
749 1150 872 1233 ὠφελείᾳ
885 1156 940 1207 τῶν
954 1149 1096 1230 λεγόντων,
1112 1152 1260 1232 ἀπρέπειαν
1273 1151 1303 1210 δέ
1315 1154 1348 1211 τὸ
1361 1149 1443 1224 δόξης

317 1250 363 1306 καὶ
387 1249 549 1331 φιλοτιμίας
572 1248 744 1332 ἀνθρωπίνης
767 1250 1016 1326 ἀντιποιουμένους,
1038 1251 1085 1308 τὸν
1105 1251 1185 1308 αότόν
1208 1252 1309 1332 τρόπον
1330 1254 1377 1309 καὶ
1398 1259 1444 1309 νῦν

317 1355 399 1406 τοῦτο
417 1355 500 1408 ποιεῖ.
522 1347 626 1407 Είδέναι
646 1347 674 1406 δέ
693 1346 734 1406 δεῖ
753 1348 795 1405 ότι
813 1347 863 1407 οὐκ
876 1349 980 1428 ἀναιρεῖ
992 1349 1023 1406 τό
1038 1349 1149 1430 γράφειν
1163 1353 1178 1406 ό
1193 1348 1320 1407 Πλάτων·
1339 1349 1442 1408 πολλοὶ

317 1447 368 1526 γάρ
389 1452 444 1504 τῶν
463 1446 588 1510 παλαιῶν
606 1447 652 1502 καί
671 1444 898 1522 εὐδοκιμωτάτων
917 1447 1096 1526 συνέγραψαν,
1118 1446 1156 1511 ὡς
1178 1445 1302 1529 Ὀρφεδς,
1325 1447 1441 1527 Ἑρμῆς·

254 1553 286 1604 10
317 1545 472 1625 Πυθαγόρας
490 1543 518 1602 δὲ
536 1544 580 1602 καί
600 1545 746 1625 Σωκράτης
765 1545 796 1602 οό
815 1545 994 1624 συνέγραψαν.
1012 1546 1154 1610 Τοιοότους
1170 1544 1217 1602 οὗν
1232 1545 1312 1626 όρους
1329 1545 1443 1627 παραδί-

317 1639 425 1699 δωσινδ
442 1643 587 1721 Σωκράτης
602 1649 651 1698 τοῦ
666 1642 828 1723 συγγράφειν
841 1641 965 1712 ἐνταῦθα,
979 1641 1009 1698 τδ
1028 1641 1180 1716 ἐπιστήμην
1194 1639 1270 1722 ἔχειν
1284 1648 1341 1700 τῶν
1355 1665 1442 1723 πραγ-

211 1741 302 1793 ί·9οε“
318 1740 411 1816 μάτων
432 1741 527 1797 καὶτὸ
549 1740 649 1813 ἀληθές
671 1738 776 1805 είδότας
797 1738 839 1796 ἐπὶ
858 1742 1009 1815 ὑπομνήσει
1028 1748 1079 1812 τῆς
1099 1741 1135 1805 είς
1152 1749 1237 1820 γῆρας
1261 1739 1267 1821 Ι
1290 1738 1380 1814 λήθης
1396 1743 1442 1797 καὶ

315 1838 448 1920 ὠφελείας
470 1843 523 1895 τῶν
549 1837 737 1913 μανθανόντων
759 1839 797 1914 μὴ
820 1835 1031 1909 σπουδάζοντας,
1055 1835 1129 1895 ἀλλά
1150 1836 1243 1912 παιδιᾷ
1263 1839 1440 1920 χρωμένους,

313 1936 377 1995 τότε
394 1934 489 2001 καλῶς
507 1937 552 1992 καὶ
570 1937 711 2016 εὐπρεπῶς
729 1936 905 2017 συγγράφειν,
920 1936 984 1999 τοὺς
1001 1934 1030 1992 δὲ
1043 1936 1260 2012 ἀνεπιστήμονας
1273 1938 1318 1993 καί
1338 1938 1378 2002 ὡς
1398 1938 1441 1995 ἐπὶ

253 2047 282 2097 15
316 2035 385 2114 μέγα
402 2036 448 2093 καί
464 2033 694 2115 περισπούδαστον
711 2036 757 2091 καὶ
776 2028 857 2106 δόξης
876 2034 956 2116 χάριν
975 2033 1142 2115 ἐρχομένους
1158 2036 1196 2100 είς
1215 2040 1297 2093 τοῦτο
1314 2035 1441 2115 ἀπρεπῶς

314 2134 471 2215 συγγράφειν
485 2134 560 2214 φησί.
575 2131 688 2214 Φέρεται
701 2132 729 2190 δέ
741 2133 863 2191 τοιοῦτόν
877 2155 903 2189 τι
917 2132 1043 2212 διήγημα
1055 2133 1120 2213 πρὸς
1133 2134 1163 2189 τὸ
1177 2136 1215 2208 μὴ
1232 2132 1288 2192 δεῖν
1303 2135 1441 2213 συγγράμ-

316 2252 396 2308 μασιν
416 2232 587 2289 ἀποτίθεσθαι
604 2233 639 2290 τά
656 2235 793 2308 νοήματα,
814 2232 856 2288 ότι
876 2234 1002 2308 μαθητής
1021 2254 1063 2297 τις
1083 2236 1132 2289 τοῦ
1147 2231 1292 2298 Πλάτωνος
1308 2233 1397 2290 πάντα
1410 2234 1442 2289 τά

313 2328 447 2409 λεγόμενα
467 2329 529 2410 παρ’
548 2329 629 2387 αὐτοῦ
650 2330 879 2411 ἀπογραψάμενος
903 2329 1066 2401 ἀπέπλευσε,
1091 2330 1136 2388 καί
1156 2330 1267 2409 ναυαγία
1288 2330 1442 2410 περιπεσὼν

314 2430 419 2486 ἀπαντα
436 2428 564 2486 ἀπώλεσε
582 2428 627 2485 καί
646 2428 793 2507 ὑπέστρεψε
812 2427 879 2507 πρὸς
897 2427 944 2483 τόν
963 2424 1137 2496 διδάσκαλον,
1160 2425 1229 2507 ἔργῳ
1247 2430 1385 2509 πειραθεὶς
1399 2430 1441 2485 ότι
1541 2474 1543 2478 .

251 2534 298 2608 20,
314 2527 346 2584 οὐ
361 2524 405 2584 δεῖ
420 2525 448 2583 έν
463 2522 581 2603 βιόλίοις
594 2524 770 2582 ἀποτίθεσθαι
782 2525 816 2581 τά
830 2527 967 2600 νοήματα,
984 2523 1055 2582 ἀλλά
1069 2524 1097 2582 έν
1110 2530 1144 2601 τῇ
1159 2528 1247 2606 ψυχῇ.

353 2670 423 2736 σοδ’.
447 2672 579 2746 Πολλῆς
601 2673 637 2731 ἀν
657 2670 826 2754 εὐηθείας]
849 2674 907 2733 275
930 2672 966 2732 C.

353 2821 414 2880 Ὅτι
431 2824 446 2879 δ
466 2822 515 2898 μὲν
535 2819 623 2879 οίεται
638 2822 737 2901 τέχνην
757 2819 785 2876 έν
801 2819 957 2899 γράμμασιν
977 2819 1094 2900 ἀψόχοις
1109 2818 1278 2891 καταλιπεῖν,
1294 2822 1310 2876 δ
1327 2819 1356 2877 δέ
1369 2822 1441 2901 παρὰ

312 2921 427 3004 ἀψόχων
448 2920 597 2997 μανθάνειν.
621 2953 661 2965 -
681 2920 740 2975 Καὶ
761 2924 804 2991 τῷ
828 2916 898 2974 όντι
918 2919 978 2988 τῆν
998 2917 1186 2993 Ἄμμωνος,
1211 2918 1253 2974 ότι
1277 2918 1371 2992 λήθην
1391 2920 1439 2976 καί

314 3013 474 3100 δοξοσοφίαν
490 3017 603 3075 ἐντίκτει
615 3022 698 3074 ταῦτα
710 3018 743 3073 τά
757 3017 918 3096 γράμματα.

251 3189 281 3240 25
354 3171 425 3254 τογ’.
443 3171 544 3230 Πλέον
565 3172 624 3252 γάρ
646 3171 801 3247 οἰόμενος
823 3169 926 3246 εἶναι]
948 3171 1006 3230 275
1021 3168 1058 3229 C.

354 3315 424 3375 Ἰδοὺ
438 3317 552 3374 ἐνταῦθα
567 3315 732 3374 ἐνδείκνυται
745 3315 813 3372 κατά
830 3316 855 3371 τί
872 3313 954 3372 καλόν
973 3314 1028 3372 ἐστι
1041 3317 1072 3372 τὸ
1087 3315 1208 3397 γράφειν,
1224 3317 1265 3373 ότι
1281 3318 1439 3393 ὑπόμνησίς

313 3416 369 3474 ἔστι
388 3422 443 3473 τῶν
465 3414 575 3473 εἰδότων
595 3415 628 3470 τά
647 3415 805 3495 γράμματα·
830 3414 982 3489 ἐπιστήμην
1003 3413 1056 3493 γὰρ
1075 3420 1133 3477 τοῖς
1152 3413 1366 3496 ἐντυγχάνουσιν
1389 3416 1439 3473 οόκ

314 3514 469 3573 ἐντίκτουσι·
485 3521 545 3579 τοῖς
560 3511 607 3570 οὗν
622 3512 784 3587 ἐπιστήμοσι
799 3510 841 3569 δεῖ
854 3512 1001 3593 γράφεσθαι
1013 3513 1048 3568 τά
1065 3508 1167 3586 βιόλία.

354 3667 423 3730 σοδ’.
439 3667 550 3725 Δεινὸν
572 3666 632 3748 γάρ
653 3688 714 3722 που
738 3663 762 3720 ὦ
783 3663 923 3747 Φαῖδρε]
944 3666 1003 3725 275
1019 3664 1059 3726 D.

250 3829 282 3885 30
354 3816 489 3875 Ἐντεῦθεν
504 3814 639 3896 σύγκρισιν
647 3820 702 3871 τῖον
717 3814 809 3893 λόγων
819 3820 937 3872 ποιεῖται
949 3819 997 3871 τοῦ
1005 3812 1113 3896 ἀψύχου
1127 3814 1172 3872 καὶ
1186 3813 1322 3890 έμψόκου·
1333 3815 1440 3891 ἀψυκον

314 3915 430 3996 δὲλέγω
449 3917 480 3972 δν
496 3914 542 3971 καί
559 3915 653 3971 νόθον
673 3912 754 3971 καλεῖ
774 3912 821 3969 τὸν
840 3912 868 3970 έν
890 3911 1060 3992 γράμμασιν,
1081 3911 1225 3994 ἀδελφόν
1243 3910 1274 3969 δὲ
1295 3916 1439 3992 γνήσιον

311 4016 356 4074 καὶ
376 4011 500 4094 ἔμψυχον
515 4017 566 4093 Ιτοῖι
586 4010 736 4070 ἐνδιαθέτου
750 4011 834 4090 λόγου
848 4012 894 4068 τὸν
916 4010 943 4068 έν
955 4016 991 4087 τῆ
1011 4015 1060 4068 τοῦ
1075 4010 1256 4087 μανθάνοντος
1271 4015 1352 4094 ψυχῆς
1368 4013 1440 4071 έντι-

342 4204 417 4258 NCI
435 4204 565 4265 οδκοῖιν,ο
580 4202 692 4253 rubr-A
754 4201 1019 4267 2γινομόνηντόχνην
1035 4201 1063 4251 Μ
1128 4201 1293 4253 3886011ιεί
1359 4205 1440 4257 Ην·

309 4275 526 4340 τιποιουμένηνΜ
543 4274 609 4337 (jam
621 4280 777 4325 correxerat
789 4276 857 4336 Αετ)
920 4272 1091 4324 8οὶοιιι.Μ
1155 4271 1186 4325 12
1202 4276 1439 4328 καὶαιιιετηοω,

310 4350 340 4400 Μ
404 4347 436 4399 15
452 4349 486 4406 είς
500 4373 531 4384 -
544 4345 576 4398 16
588 4343 657 4411 φησί]
671 4348 726 4396 τότε
740 4346 878 4402 καλῶς’καί
892 4343 1023 4410 εὐπρεπῶς
1035 4344 1186 4412 συγγράφειν
1198 4342 1226 4394 Μ
1240 4345 1316 4405 (add.
1327 4353 1393 4413 φησι
1406 4349 1439 4412 Ε)

309 4420 383 4485 quod
397 4420 542 4485 repetitum
556 4431 590 4470 ex
606 4416 723 4483 praeced.
743 4415 798 4466 del.
817 4419 876 4466 Αετ
939 4414 970 4465 18
986 4417 1141 4467 ἀπέπλευσεν
1159 4415 1187 4465 M
1252 4415 1285 4467 19
1301 4418 1388 4472 πάντα
1409 4423 1439 4472 Μ

371 4491 553 4560 πειρασθεὶςΜ
618 4488 648 4539 21
661 4491 763 4551 πολλῆς,
776 4506 809 4541 πο
824 4486 936 4537 rubr.A
999 4485 1030 4536 25
1047 4490 1132 4549 πλέον,
1144 4491 1177 4538 πλ
1188 4488 1263 4539 rubr.
1282 4492 1308 4539 Α
1378 4491 1441 4561 γάρ]

308 4583 330 4617 ει
346 4563 416 4616 Plat.
479 4564 511 4616 29
531 4562 624 4623 δεινὸν,
645 4563 681 4612 δει
702 4560 821 4610 τουκΑ
886 4557 915 4608 ³1
933 4560 1005 4609 νόθον
1023 4571 1078 4608 non
1092 4558 1131 4608 ibi
1150 4558 1250 4623 legitur
1268 4563 1348 4626 apud
1367 4564 1441 4616 plat,

370 4635 400 4686 ³2
417 4637 459 4687 τδν
479 4632 616 4687 ἐνδιάθετον
636 4634 712 4696 λόγον
730 4631 757 4680 Μ
