3120 5506
416 497 471 549 ΕΙΣ
493 497 554 548 TON
577 495 756 547 ΠΛΑΤΩΝΟΣ
779 495 923 547 mmm
945 496 1067 548 ΣΧΟΑΙΑ
1257 506 1303 559 185

79 656 147 725 1162]
217 655 273 722 κζ’.
298 652 349 710 Ἧι
370 654 405 710 τὸ
426 652 545 733 πτερὸν
567 654 662 733 ὁρμᾷ]
685 652 742 713 251
765 652 808 716 D.

220 793 290 850 Καθδ
310 788 417 872 ἄρξεται
436 792 511 873 φύειν
529 791 560 848 τὸ
578 790 686 870 πτερόν.
707 825 746 834 -
764 791 951 864 Αὖαίνεται,
972 792 1104 850 τουτέστιν
1121 796 1139 865 ἡ
1160 793 1302 872 ἀναγωγός

180 892 264 962 αὐτῆς
285 890 398 967 δύναμις
416 888 592 966 ἐμποδίζεται
610 890 655 945 καὶ
672 889 815 970 κατέχεται
833 895 866 967 τῇ
881 889 990 969 γενέσει.
1007 927 1047 936 -
1060 892 1102 949 Τά
1119 897 1184 948 τῶν
1199 886 1304 960 διεξό-

180 988 243 1048 δων
258 990 416 1065 στόματα·
432 995 471 1064 τῷ
486 985 542 1046 όντι
555 989 605 1067 γάρ
619 986 736 1052 πολλοῖς
756 994 920 1069 μεταφοραῖς
936 988 1078 1071 κέχρηται·
1095 991 1140 1047 καί
1157 997 1238 1049 τοῦτο
1254 992 1304 1071 γὰρ

132 1087 148 1138 5
181 1090 212 1146 τὸ
228 1088 309 1168 ῥητὸν
324 1088 415 1168 ὥσπερ
430 1092 508 1166 πηγῇ
524 1087 676 1154 ἀπεικάζων
689 1086 776 1146 είπεν.

219 1246 276 1321 κη’.
300 1247 331 1305 'H
351 1246 379 1304 δ’
401 1247 490 1312 ἐντὸς
510 1246 593 1322 μετὰ
612 1252 670 1304 τοῦ
692 1243 823 1327 ἱμέρου]
845 1246 902 1305 251
927 1245 965 1306 D.

220 1391 306 1450 Πάλιν
318 1392 432 1450 ἐνταῦθα
446 1393 484 1449 τά
499 1391 663 1473 σφύζοντοι
676 1391 750 1449 εἶπεν
762 1391 815 1448 ἀπὸ
832 1399 986 1473 μεταφορᾶς
999 1398 1054 1449 τῶν
1070 1388 1302 1473 φλεγμαινόντων·

178 1493 268 1572 ὥσπερ
292 1492 343 1571 γάρ
370 1489 413 1548 έπὶ
440 1496 493 1547 τῶν
518 1489 740 1572 φλεγμαινύντων
769 1489 904 1570 ἐπείγεται
935 1487 1053 1557 ἐξελθεῖν
1077 1488 1127 1558 ἔξω
1154 1491 1184 1547 τὸ
1209 1490 1303 1571 ὑγρὸν,
1413 1494 1415 1499 ’

178 1591 324 1673 κατέχεται
337 1588 366 1648 δὲ
379 1595 412 1666 τῇ
427 1589 563 1670 παχύτητι
578 1596 626 1646 τοῦ
641 1589 817 1670 περιέχοντος
832 1589 971 1664 σώματος,
988 1590 1034 1645 τὸν
1050 1589 1243 1670 αὐτὸντρόπον
1258 1590 1304 1646 καί

117 1703 149 1755 10
180 1690 289 1769 ἡψυχὴ
304 1688 418 1745 ἐνταῦθα
434 1687 559 1761 ἐπιθυμεῖ
573 1688 622 1763 μέν
637 1692 692 1744 τῶν
707 1687 762 1744 ἐκεῖ
776 1688 821 1744 καὶ
836 1683 896 1769 ἔχει
907 1683 1005 1767 ἔρωτα,
1020 1688 1194 1769 κατεχομένη
1210 1682 1241 1744 δὲΙ
1254 1687 1305 1745 ὑπὸ

179 1796 229 1859 τῆς
243 1787 375 1866 γενέσεως
390 1784 430 1842 ἔτι
441 1785 560 1850 ,εἰκότως
576 1783 743 1842 όδυνᾶται·
762 1785 822 1843 όθεν
836 1783 1017 1866 γλυκύπικρόν
1032 1807 1103 1851 τινες
1123 1787 1246 1866 εἰρήκασι
1259 1786 1305 1842 τὸν

180 1882 268 1965 έρωτα
290 1883 343 1941 ἀπὸ
368 1889 424 1940 τῶν
451 1883 561 1941 ἐνταῦθα
587 1879 788 1959 συμόαινόντων
813 1885 884 1959 ἡμῖν
907 1882 1130 1963 τεκμαιρόμενοι.
1155 1918 1195 1928 -
1216 1884 1252 1942 Τὸ
1278 1882 1306 1941 δέ

181 1983 312 2065 ἑγχρίει
332 1983 389 2039 ἀντί
410 1988 458 2039 τοῦ
479 1989 567 2040 κεντεῖ
585 1982 630 2040 καί
653 1982 789 2058 ἐμπίπτει·
813 1983 851 2047 ὡς
871 1981 915 2041 έπὶ
935 1988 990 2039 τῶν
1009 1981 1168 2063 φαλαγγίων
1187 1983 1232 2047 καί
1252 1988 1306 2039 τῶν

182 2082 303 2157 μυώπων
323 2081 369 2137 καὶ
391 2086 446 2137 τῶν
467 2079 600 2156 μελισσῶν
622 2081 708 2145 οὕτως
728 2080 789 2138 εἰπε
806 2080 837 2136 τὸ
857 2079 951 2161 ἐγχρί
958 2103 996 2138 ει·
1018 2080 1104 2191 πάνγα
1120 2082 1169 2161 γὰρ
1186 2102 1306 2161 μεταφο-

120 2194 150 2246 15
183 2186 263 2260 ρικὼς
277 2178 359 2258 λέγει.
700 2181 706 2221 ἰ

220 2336 274 2397 κί’.
297 2342 339 2414 Τγ]
360 2336 433 2393 καθ’
455 2335 557 2406 αὐτὴν
580 2333 720 2410 διεξόδῳ
739 2335 823 2393 ὥστε
845 2342 931 2392 πᾶσα
950 2337 1158 2412 κεντουμένη
1182 2334 1306 2417 κύκλῳ]

182 2439 238 2496 251
264 2428 303 2495 D'.

220 2587 274 2658 Τὴν
298 2592 385 2642 πᾶσαν
408 2583 511 2656 κίνησιν
536 2581 621 2654 αὐτῆς
647 2581 773 2659 βούλεται
797 2581 926 2662 έμφῆνσι.
953 2579 1063 2654 Ἐπειδὴ
1086 2583 1136 2660 γάρ
1161 2587 1247 2638 πᾶσα
1268 2583 1308 2653 ἦν

181 2685 331 2764 πτερωτὴ
354 2690 426 2739 πᾶσα
446 2680 493 2739 ούν
513 2681 716 2755 κεντουμένη
738 2679 784 2736 καί
806 2678 962 2757 βουλομένη
986 2678 1057 2755 μηδὲ
1078 2679 1160 2759 μέρος
1178 2703 1204 2737 τι
1222 2679 1306 2750 αὐτῆς

121 2790 152 2841 20
184 2784 296 2842 ἐνταῦθα
314 2783 394 2853 εἰναι,
417 2781 528 2845 εἰκότως
548 2779 673 2858 οἰστρᾷ,
696 2779 752 2835 ἀντὶ
769 2784 818 2835 τοῦ
837 2776 972 2853 ἀδημονεῖ
991 2778 1102 2835 ἐκείνων
1117 2777 1244 2859 έφιεμένη
1262 2778 1308 2835 καί

184 2880 404 2958 μνημονεύουσα.
426 2913 466 2923 -
484 2878 614 2956 Οἰστρᾷ·
636 2876 702 2955 όπερ
722 2875 873 2955 ἀνωτέρω
893 2861 987 2933 εἶπεν
1004 2876 1185 2948 ἀνακηκίει
1203 2878 1247 2934 καί
1262 2876 1308 2933 έν-

182 2981 307 3050 θουσιᾷ,
324 2982 370 3033 νῦν
385 2977 501 3056 οἰστρᾷ
515 2975 599 3033 εἶπεν.
615 3009 654 3018 -
669 2973 846 3032 Ὀδυνᾰται·
863 2979 946 3031 ταῦτα
960 2974 1062 3050 σημεῖά
1077 2974 1133 3032 έστι
1146 2982 1195 3047 τῆς
1208 2974 1306 3046 λύπης·

182 3077 260 3134 εἶπον
279 3076 331 3155 γάρ
350 3072 404 3146 ἤδη
418 3074 459 3131 ότι
473 3075 523 3145 τὴν
538 3069 613 3148 μῖξιν
630 3071 760 3150 βούλεται
774 3081 955 3152 παραστῆσαι·
971 3071 1010 3130 διὸ
1028 3074 1189 3154 μεμνημένη
1205 3071 1248 3133 διὰ
1261 3079 1308 3131 τοῦ

181 3173 301 3239 κάλλους
314 3179 369 3231 τῶν
384 3178 501 3245 νοητῶν,
517 3173 673 3252 γέγηθεν·
691 3169 799 3228 έπειδάν
815 3169 843 3229 δὲ
856 3172 958 3252 χωρὶς
974 3171 1056 3229 αύτοῦ
1072 3172 1220 3251 γένηται,
1237 3169 1309 3229 όδυ-

120 3280 152 3330 25
186 3270 539 3347 νᾶταικαὶάδημονεῖ.

222 3431 259 3490 λ’.
284 3430 335 3487 Ἐκ
356 3429 389 3487 δὲ
410 3427 619 3510 ἀμφοτέρων]
642 3429 697 3487 251
723 3427 761 3486 Ι).

224 3576 272 3633 ’Ἐκ
290 3597 318 3633 τε
337 3584 388 3647 τῆς
410 3577 524 3650 μνήμης
544 3579 591 3630 τοῦ
612 3572 699 3629 καλοῦ
717 3575 762 3628 καὶ
783 3572 812 3628 ἐκ
826 3581 877 3644 τῆς
892 3570 1063 3640 ἀποτεύξεως
1079 3573 1195 3643 ἐκείνου,
1216 3573 1308 3644 ἐπειδὴ

185 3671 292 3731 οὐδέπω
312 3664 489 3750 κατεδράξατο
510 3670 603 3740 αὐτοῦ,
628 3667 690 3726 οὐδὲ
709 3669 836 3749 πάρεστιν
856 3669 924 3744 αὐτῇ
947 3668 1036 3746 έκεῖνο
1057 3670 1088 3725 τὸ
1108 3669 1210 3750 ἐφετὸν,
1234 3668 1311 3742 ἀδη-

187 3777 283 3848 μονεῑ
294 3772 339 3827 καί
353 3767 488 3839 λυπεῖται,
505 3767 570 3847 ὅπερ
585 3761 729 3842 συμόαίνει
744 3766 787 3824 έπί
801 3767 918 3824 πάντων·
936 3771 994 3825 οἷον
1009 3767 1054 3824 {iv
1068 3790 1108 3833 τις
1124 3768 1172 3848 έρᾷ
1186 3766 1310 3827 διδασκοί-

124 3877 155 3926 30
187 3871 237 3930 λου
252 3867 399 3951 φιλοσόφου
415 3866 442 3924 έν
457 3865 513 3985 {etp
528 3865 585 3946 ἔχει
599 3866 676 3923 αύτδν
689 3866 840 3945 πράττοντα
855 3867 927 3944 αὑτῷ
941 3867 988 3923 καί
1005 3865 1215 3949 ἀποκληροῦντα
1230 3868 1311 3926 αύτοϋ

217 4081 246 4132 11
267 4081 330 4138 τινές
350 4079 459 4129 ΞΑΡΡΗ.
482 4077 516 4128 fr.
541 4076 584 4140 37;
610 4078 738 4133 Μκιιτλιὶ.
764 4077 860 4129 Posm.
883 4077 930 4128 alii
992 4078 1023 4129 13
1045 4082 1140 4147 έγχρίει
1160 4107 1191 4116 -
1214 4080 1246 4131 11
1268 4098 1313 4145 μι-

186 4156 281 4273 gfff
295 4150 352 4214 iam
363 4150 406 4201 ed.
416 4149 534 4202 Βυιικκ.
548 4148 582 4198 ad
596 4146 664 4198 Tim.
679 4162 703 4212 p.
718 4149 763 4198 104
774 4162 807 4199 ex
822 4149 843 4198 Ρ
908 4149 938 4202 18
952 4149 1046 4201 ο1.251
1061 4149 1084 4200 Β
1146 4151 1177 4203 21
1195 4152 1311 4219 ἀνωτέρω

220 4351 266 4401 NG
282 4349 296 4401 1
313 4343 329 4424 ᾗ
345 4348 418 4399 rubr.
434 4351 457 4396 A
520 4344 535 4394 2
552 4344 679 4396 αύαίνεται
693 4342 729 4395 ef.
745 4344 799 4402 184,
815 4346 828 4394 l
891 4344 1026 4411 τουτέστιν]
1039 4363 1065 4396 τε
1076 4348 1113 4396 A·
1175 4346 1191 4395 6
1207 4348 1223 4408 ἡ
1237 4347 1311 4397 rubr.

188 4427 213 4475 A
277 4422 306 4474 16
321 4417 480 4495 τηιειιοε.
502 4419 525 4465 Α
589 4417 690 4482 διεξόδῳ
716 4427 771 4465 non
791 4414 836 4465 hic
850 4414 928 4467 Plato
993 4417 1023 4467 19
1040 4416 1073 4481 μὴ
1089 4416 1154 4469 &A
1217 4419 1248 4468 22
1265 4438 1313 4483 ση-

191 4500 248 4561 μεῖα
266 4496 317 4546 ἐστί
337 4497 360 4542 Α
424 4490 454 4540 23
471 4485 552 4550 εἰπον]
572 4484 626 4537 εἰπε
643 4487 672 4537 Μ
739 4489 802 4551 μίξιν
819 4486 882 4537 libri
946 4489 985 4539 διδ
1002 4487 1154 4555 μεμνημένη]
1174 4491 1313 4555 διαμεμνη-

192 4565 307 4632 μίνηςΜ
324 4579 330 4615 :
350 4556 578 4626 δισμεμνημένηί)
641 4556 672 4609 26
689 4561 752 4618 έκ,ί
770 4557 884 4611 rubr-A
949 4557 984 4624 δὲ]
1002 4559 1033 4623 δὴ
1053 4556 1081 4610 Μ
1146 4559 1261 4630 ’.ἰθαύτῷ
1282 4562 1310 4612 Μ

191 4636 289 4690 afim-3?
