3248 5512
648 514 706 599 53.
732 557 766 568 -
787 522 834 582 Dn
851 541 912 582 nac
933 521 1091 584 llorrtons

354 790 389 849 ln
402 790 456 849 hac
472 790 568 870 igitur
587 789 721 848 editione
737 801 851 848 textum
874 788 990 847 codicis
1005 787 1043 862 A,
1061 801 1167 869 utpote
1197 802 1369 849 ceterorum
1385 810 1432 849 ar·

313 897 448 977 ehetypi,
477 909 601 956 secutus
623 916 702 965 sum,
724 896 765 954 ita
791 908 891 954 tamen
916 909 949 955 ut
986 916 1067 975 saepe
1095 898 1258 956 mendosas
1283 897 1431 956 lectiones

312 1007 469 1086 corrigere
485 1025 645 1065 conarere
660 1003 846 1084 conjecturis
857 1026 924 1084 quae
939 1007 988 1065 vel
999 1005 1062 1086 jam
1078 1005 1175 1086 (raro)
1194 1005 1223 1063 in
1238 1004 1427 1084 apographis

312 1113 510 1172 inveniuntur
536 1112 614 1190 (sive
642 1132 715 1170 casu
740 1111 805 1170 sive
824 1111 942 1171 librarii
968 1113 1118 1193 ingenio),
1143 1111 1192 1172 vel
1207 1113 1244 1170 ab
1260 1111 1360 1169 Asmo
1380 1124 1431 1170 aut

311 1218 380 1278 aliis
404 1218 624 1298 (paucissimis)
645 1218 813 1297 propositae
841 1231 923 1287 sunt,
939 1220 989 1278 vel
1004 1239 1081 1298 quas
1100 1221 1166 1298 ipse
1182 1218 1344 1297 proposui.
1376 1217 1430 1275 Hae

312 1340 411 1385 autem
443 1326 534 1405 longe
568 1325 707 1405 plurimae
733 1302 814 1395 sunl,
843 1339 978 1385 ceterum
1013 1328 1075 1384 lere
1110 1346 1234 1406 semper
1264 1325 1428 1392 sacillimae,

312 1454 451 1514 quasque
473 1434 504 1491 in
520 1433 650 1513 legendo
667 1433 796 1510 quilibet
816 1434 996 1492 inventurus
1024 1434 1148 1492 luisset:
1180 1435 1234 1491 sed
1259 1431 1336 1491 nihil
1364 1452 1430 1490 mo-

312 1541 420 1599 lestius
449 1558 539 1617 quam
566 1557 618 1596 eas
650 1557 773 1615 semper
800 1537 830 1594 in
860 1537 992 1616 legendo
1020 1556 1158 1615 quaerere
1174 1560 1181 1606 ;
1215 1555 1295 1594 nunc
1323 1535 1429 1593 saltem

294 1648 433 1708 ‘conlido
450 1646 582 1706 Hermiae
598 1647 715 1705 scholia
731 1647 797 1704 sine
812 1646 907 1704 nimio
918 1646 1023 1705 labore
1038 1645 1099 1726 legi
1115 1667 1220 1725 posse.

353 1755 429 1815 Cum
446 1767 545 1814 autem
568 1754 685 1814 codicis
701 1754 727 1812 A
741 1753 895 1832 scriptura
911 1754 1071 1812 obliterata
1088 1767 1138 1813 aut
1154 1775 1287 1833 prorsus
1302 1754 1430 1812 evanida

286 1926 287 1935 χ
313 1877 388 1935 erat,
406 1863 543 1922 codicem
555 1861 592 1934 E,
610 1862 799 1940 reliquorum
816 1862 1028 1920 Parisinorum
1048 1863 1197 1941 optimum
1209 1875 1333 1921 secutus
1349 1882 1428 1931 sum,

313 1974 419 2032 eadem
436 1972 614 2052 corrigendi
627 1972 746 2030 ratione
763 1984 894 2031 servata.
908 1972 1106 2032 —·Ali0rum
1127 1974 1267 2032 codicum
1282 1972 1431 2031 lectiones

313 2080 373 2138 nisi
389 2079 521 2158 exempli
536 2079 636 2159 gratia
650 2079 749 2137 nullas
774 2078 860 2138 attuli
875 2086 895 2136 ⁸:
922 2080 1038 2138 codicis
1063 2078 1094 2136 M
1124 2092 1223 2139 autem
1246 2079 1304 2158 (vel
1326 2079 1430 2158 potius

312 2189 457 2248 editionis
491 2188 659 2267 Astiauae¹l
685 2208 804 2257 omneS,
829 2209 890 2267 quo
916 2189 1034 2247 facilius
1057 2201 1237 2248 cerneretur
1256 2201 1286 2247 et
1308 2188 1430 2267 quoties

312 2320 418 2358 verum
451 2299 559 2357 Astius
592 2295 767 2377 conjectura
788 2297 940 2356 invenerit
963 2311 992 2356 et
1021 2310 1135 2377 quanto
1162 2298 1314 2356 saniorem
1347 2316 1429 2354 nunc

313 2407 412 2467 nostri
426 2407 637 2466 commentarii
650 2419 750 2465 textus
766 2427 799 2464 se
812 2409 958 2487 praebeat.

353 2514 519 2585 Lemmata,
537 2527 567 2573 et
581 2514 692 2593 quaein
716 2534 770 2572 sua
792 2514 931 2572 oratione
957 2514 1006 2574 vel
1028 2533 1044 2572 a
1069 2514 1196 2572 Platone
1221 2512 1269 2571 vel
1293 2514 1330 2570 ab
1360 2511 1429 2570 aliis

314 2621 521 2701 scriptoribus
550 2632 704 2679 mutuatus
732 2632 780 2678 cst
806 2619 961 2692 Hermias,
988 2619 1098 2679 litteris
1125 2619 1260 2678 diductis
1285 2617 1426 2677 distinxi.

315 2728 447 2799 Deinde,
472 2740 504 2786 ut
519 2747 586 2785 mos
606 2739 664 2797 est,
687 2747 755 2806 quae
765 2727 905 2786 addenda
920 2747 989 2786 esse
1005 2728 1179 2795 censebam,
1197 2725 1343 2804 obliquis,
1361 2745 1427 2804 quae

312 2836 454 2912 delenda,
480 2834 574 2894 rectis
598 2835 687 2894 uncis
712 2834 883 2914 significavi
892 2858 899 2906 ;
921 2854 988 2913 quae
1010 2845 1156 2913 corrupta
1182 2833 1340 2913 corrigere
1369 2852 1430 2890 non

315 2957 488 3023 potueram,
514 2962 617 3001 cruce.
637 2942 672 3001 ln
692 2943 884 3022 marginibus
901 2956 932 3001 et
946 2942 1063 3001 codicis
1085 2942 1112 3000 A
1131 2942 1203 3001 folia
1229 2956 1258 3001 et
1287 2942 1431 3001 editionis

312 3051 447 3111 Astianae
463 3052 594 3131 paginas
602 3050 768 3130 adscripsi.

354 3157 387 3217 ln
403 3159 484 3218 notis
499 3159 632 3238 primum
643 3159 729 3217 locos
744 3161 782 3217 ab
798 3156 925 3216 Hermia
939 3157 1087 3216 excitatos
1102 3157 1280 3236 diligenter,
1290 3169 1323 3215 ut
1333 3157 1431 3234 potui,

312 3266 455 3342 indicavi,
473 3267 625 3346 simulque
641 3280 670 3325 et
685 3280 790 3346 partes
803 3287 880 3345 quas
896 3279 964 3324 aute
980 3266 1100 3325 Astium
1127 3264 1277 3345 philologi
1307 3263 1431 3343 quidam
1505 3268 1507 3271 ’

311 3381 481 3451 ediderant,
510 3393 539 3439 et
571 3401 638 3459 quae
670 3381 701 3438 in
733 3379 861 3438 scholiis
886 3380 1055 3440 Platonicis
1085 3399 1101 3437 a
1135 3392 1242 3437 nostro
1274 3378 1428 3439 dessuunt.

312 3490 432 3550 Deinde
447 3491 552 3550 titulos
568 3492 638 3550 dedi
650 3511 728 3571 quos
745 3491 792 3550 vel
815 3491 841 3548 Α
855 3491 903 3549 vel
920 3489 943 3548 C
959 3491 1106 3570 (omnium
1122 3511 1201 3569 quos
1217 3490 1279 3548 vidi
1294 3489 1434 3568 loeuple-

310 3598 461 3677 tissimus)
486 3599 516 3657 in
546 3600 684 3678 margine
714 3600 827 3658 habent
856 3600 1040 3679 exscriptos
1072 3599 1235 3658 Postremo
1260 3600 1291 3658 in
1320 3601 1429 3659 critico

310 3716 458 3784 apparatu
483 3725 547 3763 eam
570 3704 720 3766 rationem
746 3716 870 3762 secutus
896 3725 962 3763 sum
985 3718 1017 3763 ut
1042 3705 1133 3763 lectio
1157 3726 1224 3784 quae
1251 3706 1374 3784 signum
1391 3706 1428 3785 (D

310 3811 498 3890 precederet
517 3830 551 3868 ea
566 3823 649 3870 esset
663 3832 730 3890 quae
746 3811 777 3869 in
793 3811 819 3869 Λ
833 3811 904 3887 (vel,
924 3811 1144 3889 ubicumqueA
1159 3810 1221 3890 legi
1238 3832 1299 3870 non
1310 3826 1426 3891 potest,

311 3917 341 3974 in
364 3917 454 3975 bonis
482 3917 682 3998 apographis)
715 3917 843 3996 legitur:
878 3929 1013 3975 ceterum
1038 3917 1224 3975 monendum
1250 3931 1297 3976 est
1323 3938 1370 3976 me
1398 3918 1429 3976 in

342 4107 364 4155 1.
381 4106 538 4156 CodicemA
563 4106 604 4155 bis
621 4105 734 4167 contuli3
750 4105 868 4153 omnium
894 4104 1077 4154 Parisiuorum
1101 4105 1227 4155 lectiones
1251 4107 1357 4157 devitu
1376 4109 1431 4157 ins-

310 4183 401 4241 pectas
412 4177 534 4243 apposui.

341 4250 366 4298 2.
396 4248 462 4297 Nam
481 4249 597 4297 ostendit
624 4250 730 4299 Scutttz
746 4248 874 4310 (lomet)
902 4264 953 4295 non
971 4264 1075 4312 semper
1087 4248 1154 4298 mira
1175 4248 1312 4313 diligentia
1327 4251 1429 4300 hstium

309 4320 427 4369 codicem
452 4337 529 4369 suum
544 4318 733 4384 descripsissc;
757 4320 783 4367 in
799 4319 941 4368 Platonicis
958 4336 1018 4367 vcro
1031 4336 1079 4382 ego
1099 4336 1256 4383 persuasum
1270 4321 1354 4369 habeo
1369 4339 1428 4370 eum

310 4408 443 4456 sepenon
458 4408 558 4455 eaquae
584 4391 611 4439 in
638 4392 662 4439 hl
681 4391 794 4455 legebat,
820 4391 865 4438 sed
888 4407 919 4438 ea
942 4407 999 4454 qum
1015 4391 1132 4439 Plutonis
1147 4391 1276 4440 editiones
1301 4394 1428 4457 praebent,

308 4462 380 4526 typis
396 4463 573 4512 mandavisse.
