3120 5506
327 464 381 513 ειε
402 465 463 514 νον
486 464 661 514 υιετυυοε
683 463 825 514 ψειιυον
849 464 971 513 ειοιιι
1168 474 1212 526 121

22 624 57 688 Μ]
91 616 177 697 λέγοι,
198 615 274 674 οόδὲν
291 618 383 674 κοινὸν
401 617 468 696 πρὸς
487 618 538 688 τὴν
557 618 660 698 ψυχήν·
677 617 708 674 οό
723 619 848 698 γάρπερὶ
867 616 944 674 ἰδεῶν
959 619 1099 698 πρόκειται
1114 619 1212 698 λέγειν·
1249 647 1253 685 3
1296 638 1312 693 χ

91 715 156 775 εἶδε
171 715 226 774 ἰδία
240 724 291 788 τῆς
306 720 399 798 ψυχῆς
414 717 463 788 τῆν
479 716 569 774 οόσίαν
587 716 671 788 αίιτῆς
689 716 830 792 σημαίνοι,
851 716 943 787 ἐπειδὴ
960 716 1061 776 ἁπλοῦν
1079 717 1150 784 εἶδος
1167 721 1213 777 καί

92 813 171 872 ἄυλον
186 818 204 886 ῆ
220 816 308 895 ψυχὴ,
329 815 374 870 καί
390 814 421 871 οὐ
437 815 468 871 τὸ
485 813 533 890 μίν
552 836 579 871 τι
597 815 680 887 αὐτῆς
697 817 754 872 οἷον
770 815 950 891 ὑποκείμενον
966 818 997 873 τὸ
1013 814 1042 873 δὲ
1057 819 1114 874 οἷον
1129 816 1212 890 είδος,

93 912 162 971 ἀλλὰ
175 912 272 970 ταότδν
287 916 362 994 ψυχὴ
377 914 422 969 καί
438 913 468 970 τὸ
486 914 561 994 ψυχὴ
578 913 657 990 εἶναι,
678 911 716 977 δίς
732 911 804 970 ἐ’σται
817 915 876 993 περὶ
889 922 938 986 τῆς
952 914 1044 979 οὐσίας
1058 924 1107 986 τῆς
1120 920 1213 997 ψυχῆς

46 1018 62 1067 5
94 1010 195 1091 λέγων.
219 1009 347 1092 Ἐροῠμεν
368 1009 415 1068 οὗν
435 1012 476 1068 ότι
497 1011 576 1068 οὐσία
596 1012 645 1086 μὲν
667 1012 779 1069 ἑκάστου
796 1013 953 1092 πράγματός
972 1013 1026 1070 ἐστι
1043 1014 1074 1070 τό
1092 1014 1121 1071 ἓν
1138 1015 1168 1070 τὸ
1186 1015 1214 1071 ίν
1249 1053 1262 1069 ..

95 1110 167 1185 αὐτῷ
181 1111 226 1182 καί
240 1111 271 1166 τὸ
284 1112 343 1168 οἷον
358 1109 521 1167 ἑνικιότατον
535 1110 627 1189 (τοῦτο
642 1110 693 1189 γάρ
708 1108 764 1168 ἐστι
779 1111 809 1167 τό
822 1111 851 1168 ἓν
865 1112 895 1168 τό
911 1112 1022 1169 ἑκάστου
1036 1110 1159 1183 πλήθους
1175 1114 1213 1177 ὡς

95 1209 152 1265 οἷόν
164 1229 194 1265 τε
206 1207 399 1289 ἁπαρέμῳατον
411 1209 556 1288 ὑπάρχον),
570 1208 601 1265 τό
614 1207 642 1265 δὲ
658 1207 730 1273 είδος
743 1207 797 1281 ἤδη
809 1210 855 1265 καί
868 1210 898 1265 τό
910 1207 1015 1280 πλῆθος
1027 1212 1072 1266 καί
1083 1211 1116 1266 τά
1131 1212 1215 1268 οίονεί

95 1312 219 1386 στοιχεῖα
242 1303 405 1362 ἐνδείκνυται
428 1313 476 1363 τοῦ
500 1306 668 1386 πράγματος.
693 1309 742 1364 Καὶ
765 1309 796 1365 τδ
819 1308 848 1365 ἓν
868 1310 994 1385 <καί>
1014 1306 1107 1367 πολλὰ
1134 1309 1214 1366 αὐτοῦ

95 1402 182 1460 ἐθέλει
205 1402 360 1478 σημαίνειν·
385 1401 440 1460 ἔστι
462 1405 513 1482 γάρ
535 1407 553 1475 ῆ
575 1405 701 1486 ῳυχήἑν
719 1407 764 1463 καί
783 1404 880 1463 πολλά·
903 1404 965 1463 οότε
987 1407 1038 1487 γάρ
1060 1407 1150 1482 μόνως
1171 1409 1216 1464 καί

29 1506 62 1557 10
93 1504 218 1582 καθαρῶς
235 1503 263 1559 ἓν
282 1500 343 1559 οὔτε
360 1500 468 1573 πλῆθος
489 1501 694 1579 διεσπασμένον.
711 1503 738 1560 '0
754 1505 803 1579 μὶν
819 1503 866 1561 οὗν
884 1506 1014 1585 πρότερος
1031 1504 1115 1584 λόγος
1135 1508 1149 1563 6
1167 1508 1217 1577 τὴν
1248 1520 1273 1551 2·

29 1605 75 1656 125
95 1600 239 1658 ἀθανασίαν
257 1600 338 1671 αὐτῆς
355 1601 561 1668 κατασκευάζων
579 1604 643 1681 περί
660 1603 692 1659 τὸ
710 1602 714 1681 Ι
733 1600 860 1667 οὐσιῶδες
879 1603 963 1675 αὐτῆς
983 1605 1012 1661 ἓν
1031 1604 1213 1685 ἀνεστρέφετο·

96 1702 110 1756 6
126 1697 154 1756 δὶ
166 1704 210 1756 νῦν
225 1698 336 1774 μέλλων
351 1697 476 1778 λε’γεεθαι
491 1703 505 1757 6
517 1703 577 1780 περὶ
591 1708 641 1772 τῆς
658 1699 727 1766 ἰδίας
739 1701 800 1781 περὶ
814 1702 845 1758 τό
856 1701 965 1773 πλῆθος
976 1704 1022 1759 καί
1033 1702 1066 1759 τά
1079 1708 1213 1783 στοιχεῖα·

94 1805 174 1856 τοῦτο
195 1799 245 1878 γάρ
267 1796 409 1876 βοόλονται
430 1800 456 1855 οί
475 1798 555 1856 ίπποι
573 1801 619 1855 καί
637 1801 652 1855 6
670 1799 795 1881 ἡνίοχος.
813 1798 952 1880 Ἀνωτὲρω
973 1801 1022 1874 μὶν
1041 1798 1087 1857 οὖν
1106 1801 1214 1865 ἑνιαίως

94 1900 164 1972 ἡμῖν
178 1898 224 1953 καί
244 1896 421 1977 διθροόστερον
437 1895 581 1977 παρεδίδου
599 1900 647 1969 τῆν
662 1906 713 1970 τῆς
731 1902 822 1980 ψυχῆς
840 1897 942 1955 οόσίαν·
957 1900 988 1955 τὸ
1003 1900 1054 1978 γὰρ
1073 1898 1102 1955 δν
1118 1898 1214 1971 αὐτῆς,
1251 1968 1254 1974 ¹

32 2001 62 2049 15
95 1995 267 2066 αὐτοκίνητόν
287 2017 317 2052 τε
335 1997 379 2052 καί
397 1996 548 2067 ἀεικίνητον
570 1997 614 2053 καί
636 1996 765 2054 ἀθάνατον
783 1997 916 2078 ὑπάρχον,
934 1999 992 2054 οἷον
1007 1995 1036 2054 έν
1052 1997 1112 2062 πώς
1132 1997 1213 2069 ἐστιν,
1269 2009 1274 2048 ῖ

95 2093 249 2173 αἰτιώτερον
267 2092 295 2151 δέ
314 2115 373 2159 πως
391 2094 432 2151 ἀεὶ
449 2095 480 2151 τό
496 2094 627 2174 πρότερον
642 2101 682 2169 τῷ
697 2093 812 2174 δευτέρῳ
826 2097 870 2152 καί
883 2095 914 2152 τό
930 2082 1054 2174 δεύτερον
1068 2101 1106 2174 τῷ
1121 2096 1214 2174 τρίτῳ·

93 2192 173 2250 τότε
192 2194 243 2272 γὰρ
265 2192 444 2264 αὐτοκίνητον
464 2190 554 2250 αίτιον
571 2198 619 2251 τοῦ
638 2194 801 2266 άεικινῆτου,
821 2193 900 2252 τότε
919 2194 1071 2266 ἀεικίνητον
1088 2199 1135 2251 τοῦ
1151 2194 1216 2250 dea-

95 2291 186 2351 νότου.
208 2290 260 2349 Δόο
280 2291 331 2370 γὰρ
351 2288 434 2348 όντων
459 2291 574 2364 τούτων,
593 2297 640 2348 τοῦ
663 2313 693 2348 τε
716 2291 843 2363 ἀκινῆτου
866 2293 881 2349 6
904 2292 1025 2371 κρεῖττόν
1050 2291 1104 2348 ἐστι
1126 2292 1216 2363 πάσης

94 2391 227 2461 κινήσεως
242 2391 287 2446 καί
302 2392 373 2461 ζωῆς
387 2391 445 2446 οἷον
458 2389 489 2446 τό
505 2390 663 2468 ὑπεροόσιον
675 2391 705 2446 ’ὲν
719 2391 763 2447 καί
779 2392 807 2447 αί
823 2394 926 2470 πρῶται
940 2389 1039 2462 ἑνάδες,
1053 2397 1101 2447 τοῦ
1113 2412 1143 2447 τε
1161 2391 1217 2447 ἑτε-

31 2489 64 2539 20
96 2488 239 2566 ροκινῆτου
260 2488 275 2545 6
296 2488 393 2569 χεῖρόν
418 2486 474 2544 ἐστι
497 2488 541 2544 καί
562 2485 771 2568 καταδεέστερον
795 2487 884 2561 πάσης
911 2491 983 2559 ζωῆς
1007 2488 1052 2544 καὶ
1072 2470 1240 2560 κινῆσεως,Ι

95 2585 310 2667 προσεχέστερόν
330 2586 385 2644 ἑστι
403 2587 433 2642 τὸ
454 2586 503 2660 μἐν
523 2585 697 2658 αὐτοκίνητον
715 2592 754 2661 τῷ
773 2588 893 2662 ἀκινήτῳ
910 2587 963 2665 (ἀεὶ
982 2589 1034 2666 γάρ
1053 2587 1130 2643 ἑαυτὸ
1151 2586 1218 2663 {³06-

96 2682 174 2741 λεται
194 2685 290 2760 σῴζειν
312 2687 342 2741 τὸ
366 2684 554 2757 αὐτοκίνητον,
578 2685 667 2765 ὥσπερ
689 2685 730 2742 άεί
754 2683 808 2742 ἐστι
831 2687 862 2742 τὸ
887 2685 1063 2757 αὐτοκίνητον
1082 2688 1100 2756 ἡ
1121 2683 1217 2764 πρώτη

96 2781 196 2862 άρχῆ),
213 2783 244 2838 τὸ
264 2780 292 2839 δὲ
311 2783 441 2841 ἀθάνατον
456 2788 495 2858 τῷ
511 2785 699 2863 ἑτεροκινήτῳ·
715 2784 785 2840 κατὰ
800 2784 921 2864 στέρησιν
935 2783 987 2863 γάρ
1001 2781 1055 2855 ἤδη
1069 2787 1117 2840 τοῦ
1132 2781 1217 2840 Βανά·

96 2900 144 2936 του
163 2877 312 2958 λεγόμενον
330 2880 541 2962 προσεχέστερόν
559 2880 614 2937 ἐστι
631 2887 690 2946 τοῖς
712 2881 920 2960 ἑτεροκινῆτοις,
943 2882 975 2936 τά
995 2879 1023 2937 δὲ
1044 2880 1157 2951 ἀκίνητα
1173 2880 1218 2935 καί

32 2978 63 3031 25
96 2978 160 3056 ὑπὲρ
174 2979 205 3034 τὸ
217 2978 347 3036 ἀθάνατόν
359 2978 436 3035 ἑστιν·
452 2982 470 3050 ἡ
487 2977 516 3035 δὲ
530 2978 661 3036 ἀθανασία
676 2982 732 3052 ζωῆ
747 2980 789 3044 τίς
804 2978 874 3036 έστιν
888 2981 946 3036 οἷον
957 2981 1028 3051 πνοῆ
1041 2999 1080 3043 τις
1093 2975 1159 3035 οὖσα
1172 2985 1220 3048 τῆς
1252 3025 1254 3032 ,

96 3075 187 3139 οόσίας
206 3083 256 3147 τῆς
276 3080 380 3156 ψυχῆς.
396 3075 494 3156 Τριάδα
512 3075 559 3133 οὗν
579 3077 680 3150 ταύτην
701 3076 892 3156 έθεωρῆσαμεν
908 3075 951 3134 ἐπί
966 3084 1017 3148 τῆς
1032 3080 1125 3156 ψυχῆς
1142 3076 1179 3139 είς
1191 3072 1219 3132 ἓν
1244 3096 1247 3101 ·

95 3196 121 3230 τι
132 3175 337 3255 συντρέχουσαν.
350 3175 444 3253 Λίγων
454 3173 482 3232 δὲ
494 3168 557 3247 ἑξῆς
567 3176 611 3232 καί
625 3175 658 3231 τά
669 3175 732 3254 περί
747 3183 796 3246 τῆς
809 3174 881 3239 ίδέας
891 3173 971 3231 πάλιν
983 3172 1075 3254 τριάδα
1088 3173 1216 3249 λήψεται,

96 3270 230 3350 ἀνάλογον
244 3273 293 3348 μέν
304 3277 338 3349 τῇ
351 3274 536 3353 προειρημένη
548 3270 645 3352 τριάδι,
660 3272 687 3330 έν
699 3272 808 3331 πλείονι
819 3272 848 3331 δὲ
860 3273 998 3353 ἑτερότητι
1010 3273 1216 3353 θεωρουμένην.

96 3369 200 3450 ’Ὠσπερ
221 3371 273 3451 γὰρ
295 3373 309 3427 6
331 3373 393 3451 τρία
412 3373 525 3451 ἀριθμός
546 3371 648 3451 προιὼν
668 3373 706 3436 είς
727 3370 839 3430 πλείονα
859 3371 994 3430 διάστασιν
1011 3372 1057 3429 καὶ
1077 3371 1219 3451 ἑτερότητα
1238 3408 1261 3431 ,ν

34 3476 66 3528 30
96 3475 182 3550 χωρεῖ
200 3471 244 3526 καί
262 3470 434 3550 προέρχεται,
454 3469 620 3550 καὶχείρων
639 3471 734 3527 ἑαυτοῦ
753 3469 855 3549 γίνεται
873 3473 940 3527 κατὰ
960 3473 1009 3541 τῆν
1030 3467 1159 3548 πρόοδον,
1176 3470 1218 3527 ἀεὶ

99 3568 186 3641 μένων
200 3567 270 3645 τρία,
287 3568 345 3625 οἷον
359 3569 527 3648 τετράγωνός
542 3590 572 3626 τε
586 3568 731 3646 γενόμενος
744 3566 885 3625 καῖπάλιν
899 3564 983 3632 κόόος
998 3568 1094 3642 σῴζων
1107 3568 1148 3625 ἀεὶ
1167 3570 1218 3639 τῆν

98 3663 221 3738 ἰδιότητα
237 3670 285 3722 τοῦ
301 3667 373 3744 τρία·
390 3666 462 3723 οὕτω
475 3668 521 3723 καί
536 3671 554 3738 ἡ
570 3667 646 3748 ψυχὴ
662 3667 714 3723 άπδ
729 3674 777 3723 τοῦ
795 3665 901 3731 ἑνιαίως
921 3667 1018 3737 ἑαυτῆς
1034 3663 1123 3736 όντος,
1140 3666 1155 3722 6
1172 3666 1217 3720 καί

98 3755 363 3844 αότδίάθροόστερον
385 3765 414 3821 ἓν
436 3766 498 3844 τρία
522 3765 603 3838 ἐστίν,
625 3764 668 3822 ἐπί
689 3764 774 3822 πλέον
797 3763 967 3844 προελθοῦσα
990 3765 1035 3819 καί
1055 3764 1219 3841 ἑτερωθεῖσα

22 3872 82 3922 511¹·
97 3863 200 3941 γίνεται
218 3861 297 3919 πάλιν
313 3863 342 3919 ἓν
362 3864 421 3942 τρία
439 3863 444 3942 Ι
463 3863 490 3919 ἑν
508 3861 613 3920 πλείονι
627 3861 761 3919 διαστάσει
775 3863 969 3941 Βεωρουμένῆ,
986 3858 1058 3940 λέγω
1074 3859 1107 3932 δὴ
1122 3866 1156 3936 τῆ
1171 3867 1218 3917 του

37 3963 67 4011 35
99 3962 212 4042 ἡνιόχου
232 3962 277 4018 καί
298 3965 353 4017 τῶν
373 3959 420 4018 δόο
440 3961 543 4026 ἳππων.
560 3960 646 4019 Ἀλλά
665 3960 734 4025 τίνες
755 3961 812 4018 ότε
829 3960 1006 4041 ῆνίοχοςκαί
1022 3963 1048 4015 οί
1064 3958 1111 4016 δόυ
1122 3958 1217 4036 ’ίπποι;

130 4153 192 4206 TIT
208 4156 238 4204 ³5
251 4160 314 4215 τίνες
329 4160 343 4207 ό
357 4160 459 4224 ἡνίοχος
473 4160 516 4208 καί
531 4162 555 4209 οί
570 4154 614 4209 δύο
629 4157 701 4210 ίπποι
716 4156 737 4208 C

131 4265 308 4332 ΝΟῙλίγοι]
330 4269 396 4333 λέγει
418 4268 445 4317 Μ
510 4266 609 4333 2εί]ή
633 4268 663 4318 Μ
728 4266 856 4333 σημαίνοι]
878 4271 994 4333 σημαίνει
1014 4267 1066 4318 M:
1088 4265 1157 4318 061

99 4338 218 4403 διιόντι]
232 4342 313 4403 μέντοι
327 4339 356 4389 Μ
419 4340 783 4406 ίψυχῆΑμοειθείοεείοοο
846 4339 952 4391 7οίονεί
968 4339 996 4387 Μ
1013 4332 1066 4390 οίον
1080 4356 1106 4389 τε
1122 4338 1179 4401 (sic)
1195 4340 1219 4387 A

160 4409 232 4461 διαί
243 4410 335 4460 addidi
397 4410 529 4461 θθάλειΜ
596 4411 627 4461 18
639 4417 749 4479 κρεῖττον
765 4412 856 4463 ίίστιΑ
918 4410 950 4460 20
965 4415 1049 4478 χεῖρον
1066 4410 1118 4460 ἰ’στι
1133 4413 1156 4459 A

161 4480 192 4531 22
213 4481 374 4546 αὐτοκίνητον
395 4481 542 4546 posteriore
562 4477 774 4549 ίοόοίάκίνητον
797 4485 822 4532 A
885 4482 916 4532 25
934 4483 1000 4533 ἐστίν
1018 4483 1042 4530 Α
1105 4479 1137 4530 28
1157 4484 1219 4531 θεω-

102 4553 223 4621 ρουμόνην
245 4556 366 4620 ἑτερότητι
384 4552 414 4602 Μ
477 4551 509 4603 29
523 4556 580 4619 τρία
599 4552 712 4622 άριθμδς]
730 4551 873 4620 τριάριθμος
891 4554 919 4602 Μ
984 4552 1019 4610 δί)γ
1031 4556 1117 4618 χεῖρον
1132 4555 1156 4602 Α

101 4622 127 4671 31
147 4623 322 4688 γινόμενοςΜ
387 4621 561 4686 mmm
627 4625 656 4672 35
674 4621 720 4676 δύο
734 4631 799 4674 ante
812 4623 884 4675 ίπποι
898 4626 1037 4674 om.·A¹⁵
1092 4652 1109 4660 ·‹
1132 4654 1161 4671 .‘
1203 4652 1207 4660 ·
