3120 5506
372 465 428 518 ΕΙΣ
448 467 510 516 τον
532 466 709 518 mnenon
725 439 873 520 ’ἔνυπνον
896 469 1019 523 nom
1102 546 1103 550 γ
1218 487 1262 539 12³

40 630 108 700 [12⁶]
139 607 232 688 ίπσιοις
245 623 292 685 καί
306 624 342 695 ἦν
357 624 372 680 ό
385 621 450 689 Ζιύς
466 620 531 702 όπιρ
544 624 558 680 ό
573 621 697 702 ἡνίοχος,
711 622 751 685 ἀεὶ
765 620 796 683 θν
809 622 930 704 ἡνιόχει·
946 628 993 682 νῦν
1008 623 1037 686 ei
1049 627 1095 686 καί
1114 625 1187 688 ἄλλα
1205 650 1264 685 τινα

140 727 225 784 ποιῶν
246 718 437 803 παραδίδοται.
462 717 597 780 Ἐοίκασιν
620 718 668 780 οὐν
692 718 814 804 θιάροροί
837 743 907 787 τινες
929 721 1009 783 αὐτοῦ
1031 721 1157 800 δυνάμεις
1179 726 1263 803 ἀνομ.

141 824 243 881 νεῖσθαι
262 822 289 878 οί
308 819 388 880 ’ίπποι
405 819 451 879 καὶ
470 821 485 877 ό
503 818 633 901 ἡνίοχοι·
652 822 737 878 κοινοί
757 817 785 879 θὶ
803 821 872 885 τέως
890 819 1046 902 θριίλοοσιν
1060 823 1127 881 ιίναι
1141 826 1168 882 οί
1183 823 1264 905 λόγοι

142 919 186 980 έπί
203 941 232 979 τε
251 927 301 991 τῆς
318 916 397 983 θείας
417 917 462 976 καί
480 925 530 990 τῆς
548 918 720 997 ἀνθρωπίνης
740 922 843 998 ψυχῆς.
865 918 948 984 Αὐτὸς
965 920 1052 980 τοίνυν
1070 924 1084 980 ό
1103 919 1220 981 Πλάτων
1235 924 1263 981 έν

94 1026 109 1073 5
141 1018 270 1094 Τιμαίῳ
288 1018 369 1098 ρησίν
385 1015 426 1076 ότι
444 1015 638 1096 όθημιουργὸς
656 1018 774 1084 συνιστάς
787 1020 838 1090 τὴν
854 1019 947 1099 ψυχὴν
960 1017 1065 1096 ἁπλῶς,
1080 1022 1200 1081 τουτέστι
1212 1025 1264 1094 τὴν

141 1116 234 1177 οὐσίαν
245 1123 296 1189 τῆς
313 1119 415 1198 ψυχῆς,
431 1108 529 1174 έλαόεν
542 1113 572 1174 έιι
584 1120 640 1175 τῶν
654 1120 741 1194 γενῶν
755 1120 803 1173 τοῦ
822 1114 898 1182 ὄντος
914 1116 1018 1192 οὐσίαν,
1034 1120 1130 1177 ταυτόν
1149 1122 1263 1201 θάτερον

141 1214 269 1288 όηλονότι
281 1215 320 1281 ῶς
333 1213 415 1278 αὐτόε
425 1235 517 1294 φησιν,
529 1212 623 1272 οὐσίαν
639 1214 735 1289 μέσον,
747 1213 807 1286 ίίτις
820 1214 890 1289 μέση
904 1214 960 1273 έστί
974 1224 1024 1288 τῆς
1037 1240 1066 1275 τε
1080 1218 1263 1299 ἀμςρίαςοο

102 1348 105 1357 ›
142 1313 234 1379 οὐσίας
253 1314 299 1372 καὶ
316 1321 366 1385 τῆς
384 1313 445 1392 περὶ
462 1313 496 1370 τά
515 1310 628 1387 σώματα
648 1320 779 1392 μεριστῆς
795 1312 899 1378 οὐσίας·
921 1317 1031 1396 μεριστὴ
1048 1313 1077 1374 δέ
1090 1319 1150 1396 περί
1164 1318 1197 1376 τά
1212 1318 1264 1378 σώ-

47 1397 54 1408 ⁸
142 1414 215 1490 ματά
233 1412 302 1472 έστιν
323 1411 399 1470 οὐσία
413 1414 431 1481 ἡ
447 1410 551 1489 ἀλογοε
572 1412 628 1483 ίωή
647 1411 693 1470 καὶ
712 1414 730 1481 ἠ
746 1411 823 1494 ρύσις
842 1411 888 1468 καὶ
909 1414 936 1470 αί
956 1412 1103 1495 ίμψυχίαι·
1123 1418 1167 1474 καί
1184 1415 1264 1476 πάλιν

79 1516 110 1568 10
141 1513 238 1571 σαυτόν
259 1511 341 1587 μέσον
359 1511 375 1569 ὐ
395 1508 476 1585 μέσον
496 1508 551 1568 έστὶ
570 1513 619 1566 τοῡ
637 1530 665 1567 τε
681 1508 829 1591 ἀμερίστου
848 1515 946 1569 ταυτοῶ
964 1513 1010 1571 καὶ
1028 1518 1075 1571 τοῦ
1090 1515 1150 1594 περί
1162 1515 1196 1572 τά
1210 1514 1264 1571 σόν·

143 1633 215 1690 ματα
229 1613 355 1691 μεριστοῦ
370 1612 478 1667 ταυτυύ·
496 1608 599 1682 ὁμοίως
615 1605 648 1679 δὴ
663 1608 708 1666 καί
723 1608 843 1688 πότερον
859 1608 952 1683 μέσον.
966 1610 1017 1668 Καὶ
1028 1616 1124 1685 ταῦτα,
1137 1613 1216 1694 ρησί,
1230 1614 1264 1671 τό

142 1711 201 1792 τρία
219 1707 453 1788 σογκερασάμενος
471 1707 522 1776 τήν
541 1704 635 1765 οὐσίαν
652 1713 702 1778 τῆς
720 1709 811 1789 ψυχῆς
830 1709 1021 1780 συνεστήσατο.
1044 1707 1127 1769 ’ἀλλά
1147 1710 1194 1776 τάς
1215 1710 1264 1785 μέν
1370 1741 1372 1744 -

140 1815 196 1867 τῶν
210 1796 294 1867 θείων
309 1799 337 1873 ίξ
353 1804 496 1884 ἀκηράτων
508 1808 610 1882 γενῶν,
625 1803 671 1870 τὰς
685 1802 714 1862 θλ
729 1803 862 1886 ἡμετέρας
879 1804 978 1868 οὐκέτι·
995 1808 1117 1887 ἀκήρατα
1136 1807 1165 1869 θί
1183 1829 1265 1891 φησιν

143 1905 232 1966 οὐκέτι
249 1905 363 1980 πιίμπαν
382 1902 457 1966 ἀλλά
475 1900 588 1981 δεύτερα
609 1903 655 1962 καί
676 1903 755 1983 τρίτα
774 1911 920 1986 κατεχεῑτο
944 1905 1061 1984 μίσγων.
1085 1909 1116 1967 Δί
1135 1905 1264 1983 δυνάμεις

78 2010 110 2061 15
143 2006 190 2068 οὐν
207 2011 262 2064 τῶν
278 2009 360 2085 τριῶν
376 2003 480 2062 τούτων
497 2003 523 2061 οί
536 2000 617 2060 ’ίπποί
633 2002 682 2061 ιίσί
694 2003 741 2061 καί
754 2004 769 2060 ό
783 2003 910 2086 ἡνίοχος·
927 2004 1006 2077 καὶὴ
1023 2005 1072 2079 μία
1083 2003 1196 2081 θύναμις
1212 2013 1264 2078 τῆς

142 2110 234 2188 ψυχῆς
251 2107 269 2175 ἡ
287 2103 390 2173 οίατική
408 2106 464 2159 τῶν
482 2105 564 2180 τριῶν
582 2101 688 2162 τούτων
707 2098 880 2176 θυνάμεωνὴ
898 2100 955 2164 ίθία
973 2102 1042 2165 ίστὶν
1056 2103 1151 2176 αὐτῆς.
1168 2103 1199 2164 Ἡ
1215 2106 1264 2180 μέν

142 2201 189 2261 οὐν
202 2207 250 2260 τοῦ
265 2198 353 2273 ὄντος,
368 2201 488 2259 τουτέστι
502 2206 553 2272 τῆς
568 2199 661 2265 οὐσίας
674 2205 722 2257 τοῦ
737 2200 796 2264 ένθς
811 2205 866 2260 τῶν
880 2206 979 2280 γενῶν,
997 2198 1109 2278 θόναμις
1124 2204 1139 2260 ό
1153 2203 1266 2284 ἡνίοχός

143 2302 223 2374 έατιν,
238 2304 256 2374 ἡ
273 2300 302 2359 θὶ
318 2305 366 2358 τοῦ
385 2304 483 2360 ταυτοῶ
500 2296 615 2374 θόναμις
634 2300 649 2356 ὁ
667 2297 800 2379 κρείττων
815 2305 871 2358 τῶν
884 2298 988 2376 ίππων,
1004 2303 1023 2373 ἡ
1037 2298 1066 2361 θὶ
1082 2307 1130 2361 τοῦ
1148 2302 1265 2382 σατίρου

141 2399 251 2474 θόναμις
275 2401 289 2456 ό
312 2394 518 2476 καταδεέστερος
537 2396 633 2460 ίππος.
662 2395 721 2457 ’niv
743 2396 835 2456 τοίνυν
858 2400 1002 2473 νοήσωμεν
1025 2397 1072 2457 θύο
1094 2399 1194 2465 ’ίππονε
1220 2403 1265 2458 καί

76 2502 110 2554 20
141 2499 254 2579 ἡνίοχον
271 2498 318 2554 καὶ
337 2495 523 2577 αυμρύσωμεν
542 2495 648 2568 αὐτούς,
667 2498 685 2568 ἡ
704 2496 755 2571 μία
775 2494 888 2572 όύναμις
904 2499 1076 2574 ἡγεννιγτικὴ
1097 2499 1141 2557 καί
1157 2499 1263 2571 οίστική

141 2601 189 2654 τοῦ
207 2617 237 2655 τε
254 2595 370 2676 ἡνιόχου
388 2595 434 2654 καὶ
454 2599 508 2652 τῶν
525 2593 619 2651 ’ίππων
638 2593 704 2666 αὐτό
726 2592 827 2665 έστινὴ
846 2592 905 2653 ίδέα
916 2602 966 2666 τῆς
982 2598 1085 2676 ψυχῆς.
1103 2596 1221 2673 Δύναμιν
1236 2596 1265 2657 δέ

141 2692 285 2753 ἀκουστέον
304 2693 372 2752 κατά
389 2691 451 2758 τούς
467 2692 631 2772 γεωμέτρας,
650 2692 689 2755 ῶς
709 2691 818 2752 είῶθασι
836 2690 924 2771 λέγειν
942 2692 994 2763 τὴν
1011 2692 1117 2752 εὐθεῖαν
1137 2692 1265 2756 δύνασθαι

140 2795 172 2851 τό
186 2792 364 2872 τετράγωνον.
381 2791 424 2850 Ἐν
440 2791 489 2866 μέν
504 2788 551 2848 οὐν
566 2795 603 2868 τῷ
617 2790 742 2871 προτέρῳ
757 2789 833 2868 λόγῳ
850 2791 911 2870 περὶ
928 2797 978 2861 τῆς
997 2790 1090 2857 οὐσίας
1106 2800 1156 2864 τῆς
1172 2795 1264 2872 ψυχῆς

142 2891 296 2964 διείλεκται,
312 2890 374 2962 ἥτις
392 2889 419 2948 ίν
439 2891 521 2966 ίαυτῇ
542 2891 601 2970 ιίχε
614 2889 659 2947 καί
676 2891 726 2960 τὴν
741 2887 930 2961 αὐτοκινησίαν
946 2892 992 2948 καί
1003 2892 1052 2963 τὴν
1067 2889 1210 2951 ἀθανασίαν
1227 2890 1266 2969 (ἓν

77 3004 110 3054 25
140 2991 191 3072 γάρ
211 2992 246 3062 ἦν
267 2991 326 3064 ἅμα
345 2993 430 3046 ταῦτα
449 2989 483 3047 τό
501 2986 587 3068 τρία),
610 2988 725 3047 ἐνταῦθα
745 2986 772 3045 θὶ
793 2987 927 3068 περὶτῶν
947 2985 1086 3064 θυνάμεων
1105 2997 1153 3064 τῆς
1173 2993 1264 3069 ψυχῆς

143 3088 230 3168 λέγει·
245 3082 395 3154 διαλέξεται
410 3083 438 3145 θλ
450 3082 512 3158 έξῆς
524 3087 641 3166 καὶπερὶ
653 3090 709 3147 τῶν
724 3085 874 3165 ίνεργειῶν.
888 3092 974 3167 Τριῶν
989 3085 1036 3144 οὐν
1047 3088 1152 3147 τούτων
1166 3084 1263 3157 όντων,

142 3184 234 3249 οὐσίας
248 3183 435 3256 αὐτοκινησίας
448 3181 604 3254 ἀθανασίας,
620 3179 755 3261 ἀνάλογον
770 3182 877 3247 τούτοις
892 3182 1058 3259 εἰλημμέναι
1071 3183 1135 3242 είσίν
1152 3183 1266 3246 ἐνταῦθα

142 3288 170 3344 αί
185 3291 259 3365 τρεῖς
273 3285 351 3341 αὗται
364 3281 531 3357 θυνόμεις,ἠ
549 3280 606 3343 ίόία
620 3282 666 3341 καί
682 3283 709 3339 οί
722 3280 803 3342 ’ίπποι
818 3283 864 3341 καί
882 3284 911 3340 αἰ
928 3283 1108 3363 μεροιιύτεραι
1126 3284 1192 3351 ζωαὶ
1210 3289 1265 3343 τῶν

140 3383 243 3443 ίπαων,
259 3386 298 3458 Τῇ
316 3381 365 3457 μὶν
376 3381 426 3460 γὰρ
443 3385 492 3455 μιᾷ
506 3379 585 3452 οὐσία
598 3387 648 3451 τῆς
664 3383 768 3465 ψυχῆς,
785 3379 845 3454 ἥτις
860 3380 969 3445 ένιαίως
987 3378 1045 3461 ἔχει
1058 3381 1104 3438 καί
1119 3383 1171 3452 τήν
1187 3380 1282 3440 αὐτου

78 3496 110 3546 3ο
141 3481 264 3554 κινησίαν
286 3480 332 3538 καί
352 3480 403 3549 τήν
424 3477 581 3554 ἀθανασίαν,
603 3474 739 3556 ἀνάλογον
759 3476 892 3551 εἴληπται
909 3482 928 3550 ἡ
948 3477 1004 3539 ίθία
1022 3482 1189 3559 τῆσψυχῆς,
1205 3478 1266 3551 ἥτις

143 3579 212 3638 ίστὶν
226 3582 244 3652 ἡ
261 3579 313 3654 μία
325 3577 437 3653 θύναμις
450 3585 499 3650 τῆς
511 3576 600 3649 πόσος
614 3580 707 3658 ψυχῆς
721 3576 827 3647 οίστική
843 3582 898 3636 τῶν
913 3582 995 3659 τριῶν
1010 3575 1153 3652 δυνάμεων
1173 3581 1222 3639 τοῦ
1235 3599 1266 3637 τε

142 3677 257 3759 ἡνιόχου
270 3677 316 3733 καὶ
329 3681 384 3734 τῶν
397 3675 501 3736 ίππων.
518 3679 557 3751 Τῇ
572 3672 601 3732 όὶ
620 3673 795 3747 αὐτοκινησίρ
814 3672 950 3754 ἀνάλογον
970 3674 1136 3751 είλημμίνοι
1154 3675 1219 3733 ιίσίν
1237 3677 1265 3733 οί

142 3775 221 3835 ’ίπποι
237 3773 281 3833 θιά
297 3774 328 3832 τό
344 3772 519 3845 αὐτοκίνητον
534 3771 634 3832 αὐτῶν.
649 3776 688 3848 Τῇ
703 3771 731 3830 δὶ
745 3772 873 3844 ἀθανασία
887 3775 915 3830 αί
934 3773 1114 3853 μιρικιύτεραι
1129 3774 1194 3841 ζωαί
1210 3779 1265 3835 τῶν

142 3873 244 3946 ίππων,
259 3873 395 3933 τουτέστιν
410 3876 438 3931 αί
454 3870 544 3933 ἀνοθοι
558 3871 603 3930 καί
617 3867 728 3929 κάθοδοι
741 3877 792 3942 τῆς
807 3874 900 3953 ψυχῆς
914 3873 959 3930 καὶ
973 3872 1001 3929 αί
1015 3874 1223 3953 πτερορρυήσας
1237 3893 1265 3934 τε

80 3988 111 4036 35
142 3972 188 4030 καί
202 3973 405 4054 πτιρορονίσσις.
420 3969 506 4029 Ἀλλὰ
518 3968 561 4028 διὰ
574 3970 601 4027 τί
614 3968 714 4034 ’ίππους
725 3967 845 4041 κέκληκε
857 3971 908 4042 τὴν
918 3976 968 4027 τοῦ
981 3975 1078 4027 ταυτοῦ
1090 3971 1135 4027 καὶ
1149 3971 1265 4051 θατέρου

143 4068 265 4148 θύναμιν,
280 4073 331 4142 τήν
347 4068 375 4128 δέ
388 4078 437 4142 τῆς
451 4069 543 4135 οὐσίας
557 4075 605 4126 τοῦ
620 4069 679 4134 ένὸς
694 4073 751 4127 τῶν
765 4073 852 4147 γενῶν
868 4066 982 4145 θύναμιν
996 4069 1126 4150 ἡνίοχον;
1142 4066 1202 4124 Ὅτι
1216 4068 1265 4143 μέν

174 4246 188 4294 5
206 4242 277 4293 nm.
294 4243 324 4293 35
385 4242 415 4290 35
429 4240 465 4292 οί.
482 4239 586 4291 Ριεοοι.
601 4239 637 4290 οὐ
652 4238 723 4291 Tim.
738 4239 787 4290 218
800 4243 824 4290 Α

175 4350 222 4402 Nc
237 4353 253 4401 4
268 4358 311 4415 τῆς
325 4353 389 4402 ante
403 4348 559 4413 ἀνθρωπίνης
573 4357 627 4396 om.
642 4344 671 4396 M
735 4343 750 4394 7
762 4347 790 4394 σί
802 4343 831 4395 1³
845 4346 920 4409 φησίν
929 4347 954 4396 Α
1016 4344 1033 4398 8
1047 4342 1135 4403 οὐσίας
1149 4349 1212 4399 ante
1221 4347 1265 4398 καί

143 4437 198 4475 om.
213 4425 242 4474 M
306 4417 474 4487 θεύλογσςΕ
537 4416 568 4469 10
581 4419 625 4467 τοῦ
636 4421 701 4466 auto
715 4417 771 4482 περί
784 4415 882 4470 OQM
946 4414 977 4472 14
990 4412 1265 4482 μίσγωνίσριίγυννΑΕ

203 4495 236 4546 Ῑθ
249 4497 315 4547 ίστιν
331 4499 354 4544 Α
418 4489 450 4542 18
468 4491 533 4541 ἐστίν
549 4491 573 4539 Λ
636 4487 668 4540 ἀί)
683 4489 815 4553 γεννητιιὴ
830 4487 926 4551 scripsi
942 4499 950 4540 ε
964 4488 1081 4554 γενητειιὴ
1094 4490 1119 4544 Α
1132 4499 1139 4536 :
1152 4484 1265 4553 γενετιιιὴ

24 4584 27 4589 ·
143 4568 173 4620 M
236 4566 266 4618 21
287 4565 350 4630 αὐτή
373 4561 493 4627 scripsi:
514 4559 576 4624 αὕτη
593 4558 656 4610 libri
715 4558 748 4608 v2⁴
767 4556 853 4633 ίαυιῇί
870 4560 961 4615 ἑαυτοῦ
978 4557 1009 4611 Μ
1026 4556 1092 4621 (iam
1108 4557 1267 4612 οοεισεστεί

141 4641 209 4701 Aer)
272 4639 315 4688 καί
328 4635 372 4702 τὴν
387 4634 526 4686 ἀθανασίαν
539 4643 594 4691 om.
612 4629 640 4682 Μ
705 4627 735 4688 34
750 4628 817 4690 τίΑ
862 4671 865 4677 .
