3164 5512
310 531 357 588 226
685 520 825 578 ΕΡΜΕΙΟΥ
846 521 1042 581 ΦΙΛΟΣΟΦΟΥ

213 687 278 754 [184]
351 676 425 757 ρμζ.
450 675 570 747 ’Λπάτη
592 674 745 756 πότερον]
768 678 825 735 261
849 676 885 735 Ε.

350 808 404 864 Οάκ
418 807 527 882 άμὲσως
542 812 560 878 ή
576 806 652 888 φάσις
666 806 718 864 ἀπὸ
734 812 781 865 τοῦ
796 807 916 865 ἐναντίου
931 809 969 873 εἰς
984 809 1014 865 τὸ
1030 807 1147 865 ἐναντίον
1165 807 1232 887 ἄγει·
1252 807 1293 866 διὸ
1308 814 1326 881 ή
1343 811 1431 882 ἀπάτη

311 906 343 964 ἐν
362 912 434 970 τοῖς
454 903 571 983 ὀλίγον
591 903 784 985 διαφέρουσι
803 907 916 984 γίνεται·
936 908 1036 985 γίνεται
1053 905 1081 964 δὲ
1100 909 1143 963 καὶ
1163 906 1190 964 ἐν
1207 909 1329 980 αἰσθήσει
1347 909 1434 966 καὶέν

212 1031 238 1082 p.
249 1017 293 1068 185
311 1004 529 1079 ἐπιτηδεύμασιν,
546 1005 611 1063 όταν
625 1005 671 1061 τὸν
686 1002 848 1084 ὑδράργυρσν
864 1003 978 1085 ἄργυρον
996 1005 1002 1085 Ι
1021 1007 1138 1082 νομίσω,
1155 1007 1172 1077 ή
1187 1007 1235 1063 τόν
1248 1006 1354 1088 χαλκὸν
1368 1029 1435 1089 χρυ-

264 1109 278 1156 5
311 1105 368 1160 σάν·
388 1105 433 1160 καὶ
454 1103 496 1161 ἐπὶ
515 1102 593 1176 ζῴων
612 1104 663 1173 τήν
682 1103 783 1182 φάτταν
802 1104 970 1184 περιστεράν·
994 1103 1216 1179 ἐπιτηδευμάτων
1236 1103 1264 1162 δὲ
1284 1108 1330 1162 τὸν
1348 1106 1434 1184 γόητα

310 1201 450 1275 τελευτήν.
467 1203 504 1259 Τὰ
519 1199 547 1258 δὲ
560 1199 630 1258 πολὺ
644 1199 800 1280 διαφέροντα
815 1200 954 1274 κατάδηλοί
968 1202 1049 1264 ἐστιν.

352 1336 429 1418 εντ’.
448 1335 545 1419 Ι’ἀλλά
567 1358 602 1415 γε
624 1334 675 1412 δή]
699 1338 757 1395 262
780 1336 817 1395 A.

351 1469 443 1542 Οὕτως
466 1477 568 1559 όφείλει
588 1478 682 1537 εἰδέναι
702 1479 749 1542 τάς
773 1479 938 1554 ὁμοιότητας
962 1486 1017 1536 τῶν
1039 1479 1218 1559 πραγμάτων,
1242 1478 1289 1536 ’ἕνα
1314 1478 1432 1556 λανθάνῃ

207 1590 265 1640 1⁰79
276 1599 297 1639 ι·ω
311 1579 391 1635 κατὰ
410 1579 550 1657 σμικρὸν
571 1579 607 1641 είς
625 1577 654 1634 τά
673 1577 791 1635 ἐναντίον
809 1578 813 1659 ή
832 1577 967 1657 περιάγων
983 1579 1030 1635 τὸν
1045 1576 1323 1658 προσδιαλεγόμενον.
1341 1582 1394 1650 Τὴν
1406 1578 1434 1636 δὲ

173 1729 175 1731 ,
249 1680 279 1731 10
311 1676 496 1750 ὁμοιότητα
524 1676 569 1732 καί
602 1675 831 1750 ἀνομοιότητα
858 1681 912 1732 τῶν
941 1674 1020 1734 εἰδιῖιν
1050 1674 1147 1733 εἰδέναι
1177 1674 1337 1756 φιλοσοφίας
1367 1676 1430 1731 ἐστί·

312 1771 415 1844 δῆλον
434 1775 522 1831 τοίνυν
542 1775 581 1838 ὡς
602 1775 636 1830 τὸ
654 1773 757 1838 πάθος
773 1779 874 1830 τοῦτο
893 1776 938 1830 καὶ
956 1775 1076 1846 ήάπάτη
1093 1780 1131 1848 τῷ
1147 1775 1186 1850 μὴ
1201 1782 1368 1845 κατανοῆσαι
1385 1775 1433 1844 τήν

311 1872 389 1952 φάσιν
405 1872 490 1944 αὐτῆς
504 1872 615 1950 γίνεται.

352 2011 425 2091 ρμθ’.
448 2011 554 2068 Ἔστιν
574 2009 630 2071 οὖν
652 2010 739 2073 ὅπως
760 2011 914 2090 τεχνικὸς
935 2007 1038 2090 ἔσται]
1060 2012 1118 2069 262
1140 2010 1177 2070 Β.

352 2151 415 2205 Οίον
437 2148 459 2204 εἰ
479 2147 604 2228 τεχνικός
624 2146 678 2203 ἐστι
698 2144 750 2203 διὰ
770 2151 832 2203 τῶν
854 2147 1066 2222 ὁμοιοτήτων
1086 2143 1218 2223 βούλεται
1236 2146 1376 2226 παράγειν.
1397 2178 1434 2188 -

251 2252 279 2300 15
310 2247 344 2302 T6
361 2244 390 2303 δὲ
403 2247 532 2326 παράγειν
545 2243 620 2324 λέγει
633 2245 685 2327 οὐχ
696 2245 742 2302 θνα
757 2244 896 2320 ἀπατήσῃ,
912 2243 970 2301 ἀλλ’
981 2243 1028 2300 “m
1043 2245 1124 2320 πείσῃ
1140 2241 1184 2301 διάι
1195 2250 1250 2301 τῶν
1264 2245 1435 2318 ὁμοιοτήτων

310 2347 355 2402 καὶ
369 2351 423 2401 τῶν
436 2344 563 2402 ἐοικότων
576 2350 615 2422 τῷ
630 2344 738 2415 ἀληθεῖ..
755 2343 924 2421 -Λόγων
940 2341 1043 2422 δδᾶρα
1059 2342 1178 2423 τέχνην
1199 2342 1223 2398 ὦ
1241 2344 1366 2421 ἑταῖρε·
1388 2341 1434 2398 οάκ

312 2443 361 2523 ἄρα
375 2445 474 2525 τέχνην
487 2440 541 2509 ’ίξει
560 2444 574 2499 6
591 2443 634 2517 μή
651 2440 746 2508 εἰδὼς
764 2443 814 2512 τὴν
830 2442 905 2522 φάσιν
920 2447 973 2498 τῶν
984 2441 1163 2520 πραγμάτων,
1180 2438 1245 2498 ἀλλ’
1262 2438 1361 2518 ἄλογόν
1378 2461 1435 2496 τινα

309 2539 414 2623 τριθήν,

351 2676 400 2757 ρν’.
424 2676 545 2734 Βούλει
567 2675 622 2732 οὖν
643 2674 674 2732 ἐν
696 2682 738 2753 τῷ
760 2674 881 2733 Λυσίου
906 2671 1010 2755 λόγῳ]
1034 2675 1091 2732 262
1114 2672 1150 2732 C.

247 2823 279 2872 20
350 2811 458 2883 Ἐπειδὴ
481 2810 524 2868 ἐπὶ
544 2809 763 2891 παραδείγματος
785 2818 855 2891 σαφῆ
882 2811 986 2888 γίνεται
1007 2812 1040 2867 τά
1064 2810 1212 2887 λεγόμενα,
1242 2810 1369 2887 βούλεται
1392 2809 1434 2866 ἐπὶ

308 2909 530 2990 παραδείγματος
558 2915 605 2966 τοῦ
633 2907 733 2965 Λυσίου
757 2907 841 2986 λόγου
867 2910 911 2964 καὶ
936 2913 985 2966 τοῦ
1008 2910 1103 2966 ἑαυτοῦ
1130 2904 1229 2980 δεῖξαι,
1256 2914 1303 2966 τοῦ
1332 2910 1380 2983 μὶν
1405 2908 1435 2964 τὸ

310 3008 436 3091 ἄτεχνον,
451 3015 498 3066 τοῦ
514 3007 542 3065 δὲ
556 3008 586 3064 τὸ
603 3004 739 3087 ἔντεχνον·
757 3007 865 3064 πάντων
882 3005 929 3064 οὗν
949 3013 1003 3063 τῶν
1019 3007 1215 3088 τεχνογράφων
1232 3006 1264 3063 τά
1284 3008 1374 3065 εἰκότα
1392 3008 1436 3062 καί

309 3109 342 3164 τά
360 3108 455 3164 πιθανά
477 3105 547 3178 ὕλην
569 3106 707 3183 λεγόντων
727 3114 779 3175 της
802 3105 962 3183 ῥητορικῆς,
982 3107 1026 3160 καὶ
1048 3103 1091 3161 διά
1111 3105 1216 3162 τούτων
1237 3107 1373 3163 πείθεσθαι
1390 3105 1435 3160 τόν

310 3204 448 3280 δικαστήν,
467 3202 558 3275 τήνδε
573 3203 659 3260 αἰτίαν
675 3203 706 3261 06
726 3203 876 3281 λεγόντων,
891 3201 933 3259 διὰ
948 3203 974 3259 τί
988 3208 1072 3261 ταῦτα
1086 3202 1185 3274 πείθει,
1200 3205 1214 3258 6
1230 3201 1378 3283 φιλόσοφος
1393 3203 1436 3258 καίΙ

248 3323 279 3372 25
311 3305 413 3361 τούτων
434 3305 485 3374 τήν
505 3302 592 3359 αἰτίαν
613 3301 796 3381 παραδέδωκε,
820 3291 905 3380 λάγων
925 3302 966 3358 δτι
987 3300 1030 3358 διὰ
1056 3303 1106 3372 τήν
1127 3302 1279 3376 ὁμοιότητα
1300 3304 1350 3372 τήν
1372 3301 1436 3379 πρὸς

311 3405 340 3459 τὸ
356 3400 454 3473 ἀληθὲς
477 3402 510 3457 τά
532 3400 624 3457 εἰκότα
640 3401 740 3456 πείθει·
756 3398 796 3456 διὸ
809 3401 881 3481 ἀρχὴ
897 3400 1006 3456 πάντων
1021 3400 1093 3456 ἐστίν
1111 3403 1128 3470 ἡ
1146 3399 1260 3472 ἀλήθεια
1275 3400 1318 3455 καὶ
1333 3398 1375 3456 διὰ
1389 3404 1436 3455 τοά

312 3499 409 3558 εἰδέναι
430 3500 459 3555 τὸ
480 3496 578 3570 ἀληθὲς
599 3499 688 3555 πείθει
708 3499 722 3554 6
743 3498 845 3577 ῥήτωρ,
870 3496 977 3569 Ἐπειδὴ
1000 3497 1047 3554 οὖν
1070 3496 1195 3577 ἀνωτέρω
1211 3498 1287 3554 εἶπεν
1302 3496 1344 3554 δτι
1359 3499 1373 3553 6
1389 3496 1435 3560 τὰς

313 3600 478 3673 ὁμοιότητας
497 3597 543 3653 καὶ
562 3597 760 3671 ἀνομοιότητας
780 3595 858 3660 εἰδὼς
878 3602 932 3652 τῶν
953 3597 1119 3676 πραγμάτων
1140 3596 1208 3652 κατὰ
1232 3595 1323 3677 βραχὺ
1343 3595 1385 3651 ἐπί
1405 3596 1436 3651 τὸ

313 3697 432 3754 ἐναντίον
454 3693 564 3751 δάναται
586 3695 709 3772 μετάγειν
729 3696 760 3751 ὃν
786 3694 924 3771 βούλεται,
949 3694 991 3751 ἐπὶ
1017 3693 1217 3772 ὑποδείγματος
1241 3695 1271 3750 τὸ
1293 3694 1437 3773 εἰρημένον

251 3816 282 3863 30
315 3795 443 3871 βούλεται
461 3801 642 3872 παραστῆσαι,
662 3798 721 3856 πὼς
740 3794 754 3848 6
773 3794 822 3864 τήν
842 3793 974 3865 ἀλήθειαν
995 3791 1075 3858 εἰδὼς
1094 3793 1185 3871 ῥήτωρ
1206 3790 1249 3848 διά
1268 3797 1323 3848 τῶν
1344 3794 1438 3866 ὁμοιο-

315 3896 405 3965 τήτων
427 3891 534 3949 δύναται
554 3892 695 3970 παράγειν,
719 3895 779 3954 πὼς
800 3889 828 3946 δὲ
850 3893 864 3946 6
886 3900 935 3961 τῆς
956 3891 1090 3962 ἀληθείας
1111 3892 1302 3964 ἀνεπιστήμων
1324 3888 1436 3952 ἀτακτάς

346 4102 376 4152 27
395 4103 511 4166 ἀνωτέρω
526 4099 572 4148 262
587 4103 610 4148 Α

347 4216 455 4268 'r1T23
471 4217 502 4268 τά
517 4217 601 4267 εἰκότα
615 4217 657 4265 καί
672 4216 763 4267 πιθανὰ
778 4210 824 4277 ἀλη
841 4214 972 4281 ῥητορικῆς
986 4214 1007 4265 Ο

348 4337 394 4386 Nc
412 4339 424 4386 l
443 4335 534 4398 ἀπάτη,
555 4336 571 4386 ά
588 4334 662 4384 rubr.
683 4337 706 4384 Α
770 4333 942 4401 ίάδάργνρον
961 4339 1025 4385 ante
1044 4333 1153 4384 emend.
1175 4337 1198 4383 Α
1262 4337 1276 4384 5
1294 4339 1334 4386 ἐπὶ
1355 4340 1439 4397 ἐπιτη-

316 4407 444 4472 δευμάτων
465 4407 493 4456 Μ
557 4405 573 4455 6
588 4405 726 4468 κατάδηλα]
742 4404 882 4467 κατάδηλον
900 4401 922 4453 Ε
938 4416 944 4453 2
965 4405 1030 4456 κατά
1044 4407 1119 4468 δῆλον
1136 4405 1164 4455 Μ
1182 4419 1188 4452 2
1208 4407 1263 4455 καθ’
1284 4405 1348 4457 αὐτὰ
1364 4409 1438 4469 δῆλον

317 4482 374 4528 Λετ
436 4476 532 4528 7άλλά
544 4495 572 4540 γε
584 4476 614 4539 δή
627 4474 736 4526 rubr.A
800 4475 979 4542 θαμικρδνΜ
998 4475 1229 4542 Ρίαί.;μικρ“ονΛ
1295 4477 1325 4526 13
1342 4477 1440 4535 ἔσεταί

315 4551 389 4600 rubr.
406 4553 429 4599 Α
494 4549 524 4597 15
543 4546 663 4633 παράγειν
683 4559 737 4597 non
756 4546 809 4597 hoc
830 4546 890 4596 loco
908 4545 1009 4611 legitur
1028 4546 1100 4609 apud
1124 4547 1195 4612 ΡΙυι.
1260 4546 1347 4615 πείση]
1368 4549 1439 4608 παθη

316 4624 353 4672 Λι
415 4621 445 4672 17
462 4617 545 4686 φάσιν]
560 4622 662 4682 δυναμιν
677 4622 713 4667 Α·
775 4618 806 4669 19
824 4613 918 4682 βοάλει,
934 4622 948 4682 β
966 4617 1039 4669 rubr.
1055 4621 1078 4667 Α
1143 4619 1173 4668 23
1190 4615 1295 4685 τούτων]
1315 4608 1389 4672 τὐῡτο
1409 4606 1436 4668 M

379 4693 407 4744 31
423 4689 534 4755 δύναται]
547 4687 662 4755 βούλεται
677 4688 703 4739 Μ
