3248 5512
437 489 493 540 ΕΙΣ
514 490 576 541 TON
597 490 773 543 ΠΛΛΤΩΝΟΣ
794 493 937 545 ΦΛΙΔΡΟΝ
960 494 1090 545 xxciii·
1287 508 1316 560 11

130 654 179 723 [64]
203 649 301 712 Λυσίας
317 648 400 730 λόγον
414 651 478 730 περὶ
490 656 538 707 τοῦ
555 652 593 727 μή
608 650 662 709 δεῖν
676 651 835 732 χαρίζεσθαι
847 658 886 727 τῷ
899 652 997 732 ἐραστῇ
1011 651 1085 711 ἀλλὰ
1098 660 1136 728 τῷ
1153 656 1191 730 μή
1207 655 1318 735 ἐραστῇ,

203 746 284 812 αὐτὸς
308 748 356 824 μέν
377 748 480 830 σφόδρα
501 749 529 832 [6
550 749 663 832 Λυσίας]
686 750 753 830 ἐρῶν
768 756 816 808 τοῦ
837 750 967 830 Φαίδρου,
984 753 1215 832 προσποιούμενος
1236 752 1265 810 δέ
1280 755 1318 829 μή

202 844 275 924 ἐρῖιν·
293 847 463 924 βουλόμενος
482 848 529 906 οῦν
548 850 699 921 ἀποστῆσαι
720 850 800 907 αθτδν
819 856 874 907 τῶν
896 849 991 908 ἀλλων
1013 851 1143 930 ἐραστῶν,
1163 852 1321 932 κακούργως

203 946 300 1026 γράφει
320 947 403 1026 λόγον
419 948 460 1005 ότι
475 946 517 1006 δεῖ
532 950 570 1026 μὴ
587 949 681 1027 έριῦντι
698 948 805 1025 μᾶλλον
826 951 984 1030 χαρίζεσθαι
1005 951 1023 1022 ῇ
1046 950 1179 1029 ἐρῶντι...
1202 952 1265 1031 περὶ
1288 953 1320 1008 οῦ

155 1050 170 1098 5
202 1042 246 1099 καὶ
269 1045 283 1100 6
306 1048 453 1125 Σωκράτης
474 1046 631 1126 διαλέγεται
654 1048 750 1105 τούτου
774 1069 804 1106 τε
828 1053 876 1105 τοῦ
903 1048 1056 1107 ἀκολάστου
1080 1047 1180 1127 ἔρωτος
1201 1050 1247 1105 καὶ
1272 1055 1320 1106 τοῦ

202 1141 340 1220 σώφρονος
353 1144 398 1200 καί
423 1145 493 1226 [τοῦ]
516 1143 597 1203 θείου
619 1147 663 1202 καί
687 1145 912 1224 ένθουσιαστικοῦ,
935 1147 977 1203 δ’τι
998 1153 1037 1222 τῷ
1058 1145 1156 1222 τοιῷδε
1177 1145 1257 1227 ἔρωτι
1281 1153 1321 1222 τῷ

203 1239 322 1320 σώφρονι
335 1243 380 1298 καῖ
394 1241 467 1318 θείῳ
480 1246 623 1325 χαριστέον
641 1245 686 1301 καὶ
710 1243 918 1317 ἀκολουθητέον,
935 1280 976 1292 -
990 1248 1021 1303 oi
1042 1243 1071 1302 δὲ
1090 1247 1136 1303 καὶ
1154 1243 1321 1324 θεολογικὸν

205 1339 285 1398 αὐτὸν
302 1341 426 1420 εἰρήκασι
445 1342 488 1400 διά
507 1345 540 1400 τά
562 1343 589 1401 έν
612 1344 703 1419 μέσοις
723 1350 772 1401 τοῦ
791 1343 922 1424 διαλόγου
945 1343 1094 1423 λεγόμενα·
1113 1345 1140 1402 οἳ
1164 1343 1193 1401 δέ
1214 1343 1256 1401 ότι
1276 1344 1321 1400 καῖ

96 1450 189 1502 mcv·
205 1440 267 1518 περὶ
289 1440 419 1519 τάγαθοῦ,
440 1440 532 1514 ἐπειδη
557 1465 632 1522 φησι·
661 1467 676 1498 ι(
699 1445 754 1500 τὸν
771 1441 804 1499 δέ
829 1445 1069 1523 ὑπερουράνιον
1090 1444 1191 1500 τόπον
1216 1443 1221 1521 Ι
1246 1440 1321 1499 oin

144 1550 175 1600 10
206 1558 256 1599 τις
278 1537 404 1611 θμνησε
418 1528 564 1613 αποιητὴς
583 1540 720 1613 ἀξίως»
737 1543 782 1597 καί
797 1540 847 1598 έτι·
867 1547 910 1614 «ἡ
927 1543 1125 1622 ἀχρώματος
1143 1543 1197 1598 καὶ
1218 1541 1321 1619 ἀσχη-

207 1635 366 1710 μάτιστος
391 1637 487 1694 οὐσία
508 1661 535 1695 υ·
557 1640 583 1695 οἳ
609 1637 637 1694 δέ
661 1639 722 1718 περὶ
746 1645 794 1696 τοῦ
814 1642 923 1718 πρώτου
944 1640 1042 1698 καλοῦ,
1065 1640 1165 1703 Πάντες
1186 1637 1232 1694 οῦν
1247 1639 1322 1694 οὗτοι

184 1733 258 1789 Ιἀπό
282 1756 354 1798 τινος
378 1737 475 1814 μέρους
501 1742 550 1794 τοῦ
576 1735 706 1815 διαλόγου
731 1739 792 1816 περὶ
816 1743 864 1794 τοῦ
888 1738 990 1802 παντὸς
1014 1739 1185 1818 ἀπεφήναντο
1209 1741 1320 1795 σκοποῦ.

205 1833 254 1888 Καὶ
270 1834 322 1912 γάρ
344 1834 391 1890 τὸν
411 1836 473 1913 περὶ
494 1839 585 1916 ψυχῆς
608 1835 691 1914 λόγον
714 1834 799 1906 δῆλός
822 1835 893 1892 έστιν
914 1835 1003 1893 ἄλλου
1022 1837 1101 1916 χάριν
1123 1833 1321 1914 παρεμόαλὼν,

205 1933 249 1988 καῖ
271 1931 332 1997 τοῦς
348 1933 411 2012 περὶ
426 1938 474 1990 τοῦ
494 1935 604 2013 πρώτου
624 1934 721 1991 καλοῦ·
736 1934 788 1990 ἀπὸ
804 1935 855 2014 γάρ
877 1940 932 1991 τιῦν
948 1933 1043 1992 ἄλλων
1058 1934 1151 1991 καλῶν
1173 1933 1214 1991 ἐπ’
1236 1933 1323 1990 έκεῖνο

144 2039 175 2091 15
209 2029 310 2102 ἀνῆλθε
338 2033 384 2089 καί
411 2032 458 2088 τὸν
486 2034 728 2113 ὑπερουράνιυν
755 2033 863 2089 τόπον·
892 2034 937 2089 καὶ
966 2031 999 2104 δὴ
1025 2016 1074 2089 καὶ
1103 2032 1164 2096 τοῦς
1189 2032 1252 2110 περὶ
1276 2036 1324 2088 τοῦ

206 2127 306 2208 ἔρωτος
319 2128 417 2208 λόγους
438 2129 521 2202 δῆλός
535 2130 590 2188 ἐστι
608 2132 675 2210 πρὸς
692 2131 724 2187 τὸ
745 2130 856 2209 έραστδν
875 2130 1027 2210 ἀναφέρων.
1048 2128 1115 2188 ciza
1134 2128 1180 2186 οῦν
1201 2128 1324 2193 πολλοὺς

207 2227 386 2307 εἶναιφατέον
401 2228 464 2292 τοῦς
479 2229 594 2294 σκοτοῦς
609 2227 687 2308 (πρὸς
708 2229 759 2307 γάρ
778 2226 806 2285 έν
826 2250 852 2284 τι
873 2229 960 2285 πάντα
982 2226 1022 2285 δεῖ
1037 2228 1165 2284 τετάσθαι
1178 2226 1214 2284 ’ἶν’
1233 2226 1324 2304 ὥσπερ

206 2327 234 2382 έν
250 2330 318 2402 ζῷον
338 2329 352 2384 6
369 2328 452 2407 λόγος
469 2329 591 2409 ὑπάρχῃ)
608 2327 669 2386 οὔτε
685 2329 736 2384 ἀπὸ
753 2330 850 2407 μέρους
865 2327 989 2407 περὶτοῦ
1003 2329 1103 2391 παντός
1120 2327 1323 2408 ἀποφαίνεσθαι,

209 2424 283 2481 ἀλλά
297 2426 344 2481 τὸν
362 2425 446 2504 λόγον
462 2426 500 2490 εἷς
518 2424 565 2483 ’έναι
584 2427 739 2483 συντάττειν
754 2425 865 2483 σκοπόν.
880 2425 954 2482 Ἔστι
975 2423 1002 2482 δέ
1018 2426 1109 2498 οὗτος,
1127 2425 1164 2489 ὡς
1184 2421 1325 2481 συνελόντι

149 2527 180 2581 20
213 2523 308 2598 εἰπεῖν,
329 2523 391 2602 περὶ
413 2528 460 2578 τοῦ
477 2522 651 2580 παντοδαποῦ
672 2522 759 2580 καλοῦ
780 2520 905 2604 [εἷπεῖν].
929 2525 974 2580 Διὸ
996 2521 1109 2602 ἄρχεται
1134 2523 1182 2597 μέν
1204 2521 1255 2577 ἀπὸ
1277 2524 1324 2576 τοῦ

209 2622 372 2701 φαινομένου
393 2620 514 2685 κάλλους
537 2626 585 2677 τοῦ
608 2622 634 2678 ἐν
655 2627 689 2697 τῇ
713 2627 805 2702 μορφῇ
826 2626 874 2678 τοῦ
896 2620 1028 2701 Φαίδρου,
1054 2622 1136 2699 οὗπερ
1158 2619 1269 2699 ἐραστής
1291 2620 1325 2689 ἦν

210 2722 224 2776 6
245 2720 353 2792 Λυσίας,
374 2719 443 2776 κατά
463 2720 619 2778 ἀπόπτωσιν
638 2727 685 2777 τοῦ
701 2719 831 2792 ἀληθινοῦ
853 2721 966 2799 ἐραστοῦ
980 2720 1132 2782 ἀκόλαστος
1147 2716 1185 2775 ὢν
1200 2717 1323 2797 έραστῇς.

210 2819 275 2874 Εἶτα
299 2817 417 2893 μέτεισιν
446 2817 488 2874 ἐπὶ
514 2821 545 2877 τδ
571 2819 598 2876 έν
622 2826 679 2882 τοῖς
707 2818 802 2897 λόγοις
829 2817 925 2891 καλὸν,
952 2820 982 2875 οῦ
1009 2817 1122 2897 ἐραστὴς
1147 2813 1326 2895 παραδίδοται

211 2915 340 2996 Φαῖδρος,
371 2916 506 2996 ἐρώμενος
535 2917 563 2976 δέ
589 2921 604 2975 6
631 2920 729 2982 Λυσίας
759 2918 777 2988 ἢ
806 2920 820 2973 6
853 2917 951 2975 Λυσίου
980 2916 1072 2995 λόγος·
1108 2915 1149 2972 διὸ
1179 2915 1326 2993 ἀντερῖυσιν
1364 2914 1366 2921 ’

149 3021 179 3072 25
211 3013 343 3087 ἀλλήλων
359 3016 458 3080 Λυσίας
475 3017 521 3072 καὶ
536 3015 665 3097 Φαῖδρος,
681 3019 725 3074 καί
740 3018 890 3099 ἀμφότεροι
911 3016 1019 3096 έρασταί
1041 3015 1092 3073 εἶσι
1112 3014 1157 3071 καὶ
1179 3013 1323 3093 ἐρώμενοι,

211 3111 275 3170 ἀλλ’
298 3113 329 3169 οῦ
348 3114 416 3170 κατά
435 3114 482 3171 τὸν
510 3115 589 3171 αὐτὸν
609 3113 707 3193 έρωτα·
736 3114 778 3171 διὸ
806 3116 851 3171 καί
883 3113 1009 3191 βελτίους
1033 3112 1116 3192 άμφω
1138 3111 1206 3181 κατά
1233 3131 1259 3166 τι
1281 3108 1325 3166 καὶ

210 3211 331 3292 χείρους·
361 3212 427 3268 καθὸ
457 3212 505 3287 μέν
538 3212 590 3291 γάρ
619 3211 746 3291 έραστῇς,
783 3211 901 3289 βελτίων
916 3214 942 3268 »6
971 3210 1100 3291 Φαῖδρος,
1128 3210 1230 3291 χείρων
1256 3205 1285 3263 δέ
1312 3209 1326 3264 6

212 3311 318 3374 Λυσίας·
336 3311 349 3366 6
366 3309 415 3384 μέν
430 3311 481 3388 γάρ
496 3311 595 3375 Λυσίας
609 3316 656 3368 τοῦ
671 3311 797 3386 σώματος
811 3308 866 3389 ἤρα
880 3312 989 3381 καὶτῆς
1004 3309 1156 3366 ἀκολάστου
1172 3306 1324 3380 ἐπιθυμίας,

213 3410 227 3463 6
249 3407 277 3464 δὲ
295 3406 411 3487 Φαῖδρος
431 3414 479 3465 τοῦ
499 3409 526 3466 ἐν
542 3409 635 3487 λόγοις
648 3410 736 3467 καλοῦ
749 3411 793 3466 καὶ
814 3415 862 3466 τοῦ
882 3408 908 3465 έν
930 3432 963 3484 τῇ
979 3409 1097 3464 συνθέσει
1111 3413 1165 3463 τῶν
1181 3405 1324 3483 ῥημάτων,

151 3506 182 3558 30
213 3506 388 3585 δάυλότερόν
400 3507 459 3572 πώς
474 3507 538 3564 ἐστι·
550 3509 617 3565 καθὸ
633 3507 661 3564 δέ
676 3508 821 3587 ἐρώμενος,
836 3506 953 3585 βελτίων
966 3509 980 3562 6
998 3507 1092 3571 Λυσίας
1110 3505 1165 3561 ἐστὶ
1181 3503 1325 3583 (τουτέστιν

214 3605 341 3661 ὁΛυσίυυ
364 3603 472 3684 λόγος),
495 3606 595 3685 χείρων
620 3604 649 3663 δέ
669 3608 683 3661 6
703 3604 831 3684 Φαῖδρος,
851 3612 890 3680 τῷ
910 3603 993 3661 πάλιν
1020 3604 1158 3683 ἐρώμενον
1182 3601 1231 3678 μὶν
1257 3601 1327 3658 εῖναι

212 3708 260 3759 τοῦ
284 3701 404 3781 Φαίδρου
428 3704 474 3760 τὸν
497 3704 580 3781 λόγον
604 3705 710 3770 Λυσίου,
737 3704 875 3783 ἐρώμενον
899 3701 928 3760 δέ
946 3707 994 3759 τοῦ
1012 3701 1111 3759 Λυσίου
1130 3702 1176 3757 τὸν
1195 3697 1323 3778 Φαῖδρον.

213 3800 278 3857 Είτα
301 3797 530 3876 έπαναθιόασμυῖς
552 3801 697 3882 χρώμενος
715 3803 730 3858 6
751 3803 898 3881 Σωκράτης
919 3801 1053 3857 ἐπάνεισιν
1079 3799 1131 3855 ἀπὸ
1156 3802 1203 3854 τοῦ
1222 3795 1249 3854 ἐν
1269 3801 1327 3859 τοῖς

214 3897 306 3978 λόγοις
328 3898 415 3956 καλοῦ
438 3899 481 3956 έπὶ
501 3901 532 3957 τδ
551 3901 666 3980 ψυχικὸν
689 3898 802 3972 κάλλος,
824 3899 944 3957 τουτέστι
965 3899 1014 3961 τάς
1035 3896 1129 3976 ἀρετάς
1143 3917 1172 3953 τε
1188 3896 1233 3951 καὶ
1252 3894 1325 3952 έπισ·

244 4135 301 4187 9-11
318 4135 399 4186 wc
464 4136 493 4186 18
507 4142 569 4203 ζῷον
584 4136 621 4185 οί.
640 4135 665 4194 9,
679 4136 694 4185 θ
757 4135 788 4184 20
803 4137 963 4186 παντοδαποῦ
978 4134 1016 4185 ci.
1034 4136 1058 4193 9,
1074 4132 1089 4182 9

246 4278 293 4329 ΝΟ
316 4279 331 4328 2
351 4283 364 4330 ὁ
384 4280 481 4336 Λυσίας
499 4277 599 4328 seclusi
661 4279 676 4326 4
700 4277 828 4327 lacunam
851 4275 959 4340 signavi
1021 4277 1035 4324 5
1059 4276 1195 4337 διαλέγεται
1212 4271 1324 4335 scripsi:

215 4354 348 4408 διαλέξεται
367 4349 428 4400 libri
490 4350 505 4399 6
525 4353 569 4401 τοῦ
588 4349 689 4400 seclusi
751 4349 781 4398 10
802 4349 836 4398 ἰ’τι
860 4348 954 4411 scripsi
977 4347 1014 4397 cl.
1042 4348 1067 4405 9,
1086 4345 1121 4395 2;
1146 4345 1182 4396 ὅτι
1203 4342 1264 4392 libri

214 4421 245 4471 12
268 4420 375 4486 σκοποῦ]
391 4425 485 4472 σκοπόν
506 4420 534 4470 Μ
598 4422 628 4471 13
656 4433 716 4482 sqq.
746 4420 806 4469 haec
828 4432 923 4468 rursus
947 4430 1028 4474 nova,
1047 4416 1144 4480 partim
1159 4415 1193 4464 ab
1213 4414 1327 4464 Hermia

215 4493 396 4557 praenuntiaia
415 4492 476 4554 θ,9
538 4491 569 4541 14
587 4492 638 4553 καί]
658 4491 701 4555 ἣῗί
764 4489 794 4540 15
814 4494 859 4541 τοῦ
882 4503 938 4540 om.
961 4490 988 4538 M
1053 4488 1084 4539 16
1103 4489 1131 4538 τὸ
1151 4485 1265 4552 έραστδν]
1283 4487 1325 4537 τδν

215 4563 320 4630 ἐραστὴν
340 4565 367 4614 Μ
431 4563 462 4614 17
475 4562 599 4627 τιαάσθαιΙ
613 4563 728 4628 τετάχθαι
743 4564 801 4612 Ass
864 4561 895 4611 18
909 4560 1010 4634 ῦπάρχη
1025 4565 1038 4611 6
1053 4562 1127 4624 λόγος
1142 4557 1170 4607 Μ
1235 4558 1326 4615 παντὸς

214 4648 270 4685 cm.
287 4635 316 4685 M
332 4635 415 4696 (unde
428 4636 504 4687 αὑτοῦ
519 4647 567 4700 pro
580 4638 624 4686 τοῦ
639 4633 744 4697 scripsit
756 4634 824 4696 Ass)
889 4631 920 4682 20
936 4633 1012 4682 εἰπεῖν
1027 4635 1087 4695 post
1100 4632 1179 4682 καλοῦ
1194 4627 1295 4680 seclusi
