3248 5512
323 483 355 536 10
703 471 844 524 ΕΡΜΕΙΟΥ
864 471 1059 522 ΦΙΛΟΣΟΦΟΥ

249 636 298 705 [6³]
324 622 403 696 δόξαν
417 636 471 687 τῶν
486 628 613 703 πολλῶν,
630 627 674 686 διά
686 628 718 685 τδ
735 629 862 707 ῆγεῖσθαι
879 626 977 692 αὐτοὺς
996 625 1037 685 ἐπ’
1057 625 1140 708 ἀμφω
1163 627 1254 708 ῥέπειν
1272 629 1319 687 τδν
1337 626 1436 709 έρωτα.
1529 657 1533 664 ·

322 729 446 810 -Πρὸς
469 727 497 786 δέ
520 729 550 786 τδ
576 726 711 807 δεύτερον,
739 728 770 784 τὸ
795 726 967 807 ἀντιγράφειν
993 726 1089 799 Λυσίᾳ,
1114 726 1211 806 ῥητέον
1235 726 1286 800 ὅτι,
1310 728 1399 808 ὥσπερ
1423 731 1439 785 6

322 824 496 907 θεωρητικός
516 825 665 907 φιλόσοφος
686 824 750 904 ὑπέρ
772 824 905 905 ὠφελείας
924 829 973 880 τοιῖ
994 831 1049 881 τῶν
1072 825 1221 904 ἀνθρώπων
1242 828 1336 904 γένους
1357 848 1440 884 κατα·

322 926 413 983 τάττει
427 927 520 984 έαυτὸν
536 925 575 990 είς
590 922 768 1000 διακόσμησιν
782 923 890 988 πόλεως
904 924 949 979 καὶ
964 923 1070 1002 γίνεται
1082 922 1222 990 πολιτικὸς
1237 925 1282 982 καί
1302 924 1438 998 δικαστὴς,

277 1033 292 1081 5
324 1026 370 1081 τὸν
392 1024 593 1103 αὐτὸντρόπον
615 1024 660 1080 καὶ
688 1024 703 1079 6
727 1019 875 1102 φιλόσοφος
902 1023 973 1101 δρῶν
996 1023 1042 1079 τὸν
1066 1020 1184 1103 Φαῖδρον
1207 1023 1366 1095 ἐπιτηδείως
1390 1025 1440 1100 μέν

324 1119 424 1202 έχοντα
436 1124 502 1202 πρὸς
515 1121 688 1203 φιλοσοφίαν,
707 1118 898 1198 βλαπτόμενον
918 1118 946 1177 δέ
964 1121 1082 1192 ὑπὸτῆς
1102 1120 1241 1185 συνουσίας
1257 1127 1304 1179 τοῦ
1324 1122 1440 1201 ῥήτορος

324 1221 369 1277 καί
380 1222 418 1285 είς
428 1220 462 1277 τά
473 1221 550 1294 τίμια
564 1218 753 1296 βλαπτόμενον
766 1217 899 1298 (αἰσχρῶς
910 1219 962 1298 γάρ
976 1219 1059 1276 αὐτοῦ
1073 1218 1142 1298 έρῶν
1154 1219 1281 1291 συνέθηκε
1292 1220 1340 1277 τὸν
1356 1220 1440 1298 λόγον

325 1322 340 1376 6
359 1320 469 1395 Λυσίας,
488 1319 534 1375 1να
552 1318 633 1375 αιἰτάν
651 1315 841 1397 χειρῶσητσι),
859 1317 956 1375 τούτου
973 1317 1054 1397 χάριν
1070 1317 1101 1374 τὸ
1121 1324 1272 1398 κακοῦργον
1291 1319 1373 1375 αὐτοῦ
1389 1326 1440 1390 τῆς

326 1422 415 1498 ψυχῆς
428 1419 473 1474 καὶ
486 1415 628 1488 ἀπατηλὸν
642 1416 673 1473 τό
688 1438 717 1473 τε
731 1414 809 1473 άθεον
823 1417 869 1472 καὶ
887 1417 917 1472 τὸ
938 1416 1075 1474 σκοτεινὸν
1090 1417 1213 1498 ἐλέγχων
1227 1418 1385 1495 ἠναγκάσθη
1399 1417 1439 1480 είς

264 1519 295 1570 10
325 1517 376 1586 τήν
394 1516 478 1587 αὐτὴν
493 1515 617 1572 ὑπόθεσιν
633 1520 672 1589 τῷ
687 1515 773 1586 Λυσίᾳ
786 1516 917 1586 καθεῖναι,
932 1513 979 1571 ’ίνα
993 1508 1068 1590 δείξη
1083 1516 1134 1586 τῆν
1149 1514 1360 1595 ἐμφωλεύουσαν
1378 1516 1439 1572 ἀτο-

325 1615 390 1672 πίαν
409 1620 449 1689 τῷ
463 1615 560 1671 Λυσίου
575 1612 652 1693 λόγῳ
665 1614 734 1671 κατά
751 1634 780 1669 τε
798 1614 845 1678 τάς
865 1612 959 1686 λέξεις,
978 1614 1009 1676 ἀς
1025 1612 1196 1685 έκπέπληκτο
1216 1616 1230 1670 6
1247 1612 1378 1694 Φαῖδρος,
1394 1614 1440 1671 καὶ

326 1715 394 1771 κατά
417 1713 451 1770 τά
475 1711 656 1786 διανοήματα,
683 1711 826 1791 ἐπανάγων
850 1712 930 1769 αὐτὸν
954 1712 1006 1768 ἀπὸ
1034 1717 1081 1769 τοῦ
1108 1712 1183 1777 έκτδς
1209 1714 1254 1769 καὶ
1277 1712 1440 1792 φαινομένου

326 1812 444 1876 κάλλους
458 1811 486 1868 έν
503 1809 598 1889 λόγοις
614 1810 706 1886 ψιλοῖς
721 1812 765 1866 καὶ
779 1811 868 1875 ἀθέοις
881 1811 923 1867 ἐπὶ
938 1812 969 1867 τὸ
986 1811 1102 1891 ψυχικὸν
1117 1813 1162 1868 καί
1177 1812 1271 1890 νοερὸν
1289 1810 1385 1870 καλόν.
1401 1845 1441 1857 -

327 1912 397 1990 Πρὸς
414 1908 442 1966 δέ
459 1909 490 1966 τὸ
507 1908 609 1988 τρίτον,
629 1910 660 1965 τὸ
680 1917 729 1980 τῆς
748 1907 846 1975 λέξεως
866 1903 987 1988 έξογκον,
1004 1909 1101 1987 ῥητέον
1120 1910 1157 1974 ῶς
1175 1910 1280 1974 οίκείως
1300 1914 1441 1990 πανταχοῖ)

264 2013 295 2062 15
330 2016 387 2074 τοῖς
401 2007 588 2084 ἀποκειμένοις
607 2008 747 2088 πράγμασι
766 2008 813 2065 καὶ
828 2013 862 2084 τῇ
879 2006 950 2074 λέξει
963 2009 1096 2089 κέχρηται
1113 2008 1240 2066 Πλάτων·
1260 2014 1369 2088 πρῶτον
1391 2008 1440 2083 μέν

216 2114 217 2117 ’
327 2109 378 2186 γάρ
393 2105 486 2176 ἐπειδὴ
500 2107 599 2170 λεπτὸς
615 2106 661 2163 καὶ
677 2107 769 2187 ίσχνάς
784 2109 819 2178 ἦν
841 2108 855 2163 6
872 2112 920 2164 τοῦ
935 2108 1033 2164 Λυσίου
1053 2105 1138 2187 λόγου
1156 2108 1309 2188 χαρακτὴρ,
1330 2107 1442 2172 είκότως

328 2206 407 2269 αιἰτάς
435 2210 474 2277 τῷ
502 2205 679 2279 ἀντικειμένῳ
702 2205 822 2277 ἠθέλησε
848 2208 1001 2286 χρήσασθαι
1026 2212 1065 2280 τῷ
1090 2207 1348 2285 σεμνοπρεπέστέρῳ
1372 2206 1441 2284 πρὸς

327 2300 495 2375 κατάπληξιν
510 2304 556 2359 καὶ
569 2303 696 2383 χείρωσιν
710 2308 759 2359 τοῦ
773 2304 844 2360 νέου·
864 2302 955 2361 ἔπειτα
970 2307 987 2375 ἡ
1008 2305 1172 2380 ὑποκειμένη
1191 2302 1331 2383 θεολογία
1344 2306 1362 2375 ἠ
1377 2304 1440 2383 περὶ

327 2406 375 2458 τοῦ
389 2400 489 2479 ἔρωτος
508 2401 554 2457 καί
573 2404 591 2472 ῆ
612 2400 806 2481 φυσιολογίαῆ
827 2402 888 2481 περί
907 2410 957 2474 τῆς
971 2411 1072 2474 νοητῆς
1087 2402 1177 2466 οίισίας
1192 2402 1292 2478 ἀπῄτει
1310 2402 1442 2458 τοιούτων

265 2510 296 2561 20
328 2497 420 2577 λόγων
440 2493 556 2573 ἀξίωμα·
580 2497 638 2554 έπεί
658 2498 710 2577 γὰρ
733 2498 795 2577 περὶ
819 2499 928 2578 ἀφανῶν
950 2500 995 2556 καί
1017 2500 1164 2579 ἀγνώστων
1187 2499 1358 2578 πραγμάτων
1384 2504 1443 2562 τοῖς

326 2593 442 2660 πολλοῖς
470 2593 621 2674 διελέγετο,
645 2596 805 2677 προσφόρως
830 2597 875 2654 καὶ
902 2597 1020 2673 ὑψηλοῖς
1044 2597 1178 2678 ἐχρήσατο
1203 2595 1307 2676 λόγοις,
1336 2595 1403 2653 ὅπου
1427 2596 1441 2652 6

326 2692 465 2759 πολιτικὸς
480 2694 497 2765 ἢ
512 2695 557 2751 καί
572 2695 586 2749 6
600 2692 687 2758 πολὺς
701 2692 861 2773 προσελθεῖν
875 2693 924 2752 οιίκ
937 2693 1067 2767 ἠδύνατο.

235 2820 261 2870 p,
278 2804 310 2856 64
365 2790 439 2848 Ἔστι
463 2789 491 2848 δέ
515 2793 529 2849 6
553 2790 682 2871 διάλογος
707 2790 751 2848 διά
775 2794 823 2866 μέν
851 2793 898 2849 τὸν
922 2791 1041 2873 Φαῖδρον
1067 2793 1162 2865 ἠθικός
1190 2793 1237 2851 καὶ
1263 2793 1438 2874 καθαρτικάς,

327 2889 495 2968 ἐλεγκτικὸς,
511 2891 705 2971 προτρεπτικὸς
720 2893 758 2955 είς
772 2888 945 2970 φιλοσοφίαν·
962 2889 1005 2948 διά
1022 2889 1051 2948 δέ
1069 2890 1131 2956 τοίις
1146 2892 1207 2972 περὶ
1222 2890 1323 2972 έρωτος
1338 2891 1439 2971 λόγους

263 3000 295 3052 25
326 2991 435 3070 φυσικὸς
450 2989 495 3047 καί
509 2987 685 3069 θεολογικός·
703 2988 746 3047 διὰ
761 2987 789 3046 δέ
803 2989 864 3054 τοὺς
881 2990 943 3068 περὶ
958 2989 1106 3070 ῥητορικῆς
1122 2988 1240 3071 λογικός.

616 3209 661 3275 Τίς
674 3211 689 3266 6
704 3209 811 3283 ἀληθὴς
826 3217 875 3269 τοῦ
890 3210 1020 3292 διαλόγου
1036 3215 1145 3280 σκοπός.

367 3383 399 3441 Οί
419 3385 468 3461 μέν
486 3385 546 3464 περὶ
567 3386 711 3465 ῥητορικῆς
731 3386 800 3445 εἶναι
818 3388 864 3445 τὸν
884 3386 1013 3468 διάλογον
1032 3390 1205 3471 ἀπεφήναντο
1224 3392 1262 3458 εἷς
1278 3394 1330 3464 τῆν
1351 3393 1441 3474 ἀρχὴν

328 3482 411 3541 αὐτοῦ
427 3484 514 3559 μόνην
528 3484 573 3541 καὶ
588 3485 622 3541 τά
634 3483 702 3557 τέλη
724 3483 936 3562 ἀποάλέψαντες·
959 3490 986 3544 οἳ
1006 3487 1035 3545 δέ
1055 3491 1117 3569 περί
1138 3493 1240 3571 ψυχῆς,
1261 3489 1354 3562 ἐπειδὴ
1377 3494 1440 3571 περὶ

328 3583 471 3645 ἀθανασίας
487 3583 570 3655 αὐτῆς
586 3581 704 3659 μάλιστα
718 3584 831 3641 ἐνταῦθα
845 3584 1041 3644 ἀποδείκνυσιν·
1056 3589 1083 3644 οἳ
1098 3585 1126 3645 δέ
1139 3590 1201 3668 περὶ
1216 3587 1328 3669 έρωτος,
1346 3589 1439 3663 ἐπειδὴ

265 3692 296 3743 30
326 3680 372 3736 καί
386 3683 404 3752 ἡ
420 3680 492 3760 ἀρχὴ
507 3681 552 3738 καὶ
567 3682 678 3762 ἀφορμὴ
694 3687 742 3738 τοῖι
758 3679 888 3762 διαλόγου
907 3683 936 3740 έκ
953 3684 1050 3742 τούτου
1069 3684 1225 3765 γεγένηται·
1242 3685 1344 3766 ἔγραψε
1359 3689 1410 3767 γάρ
1426 3691 1441 3745 ὁ

358 3867 457 3925 5σ1.8,
473 3865 503 3915 10
563 3865 630 3917 8ο1.
650 3866 734 3931 Οονρ.
753 3865 837 3917 4658

359 3986 406 4037 Nc
421 3987 437 4037 2
452 3991 465 4038 6
480 4000 536 4038 om.
556 3986 584 4035 M
648 3985 677 4037 11
702 3985 865 4051 έκπέπληκτσ]
888 3988 1024 4050 ἐπέπληκτο
1048 3989 1076 4038 Μ
1142 3989 1171 4038 12
1193 3988 1357 4056 διανοήματα]
1380 3988 1441 4053 νοῆ-

329 4079 393 4125 ματιι
405 4060 432 4108 Μ
498 4059 527 4108 13
537 4061 618 4124 ψιλοῖς
631 4057 691 4108 tort.
703 4064 860 4120 corruptum
873 4073 878 4108 :
890 4058 953 4109 vide
963 4065 1054 4111 tamen
1069 4059 1165 4111 Τόσσοι.
1176 4061 1221 4111 165
1233 4064 1257 4112 Λ
1320 4061 1351 4111 20
1363 4081 1444 4129 τραγ.

329 4130 412 4195 μάτων
434 4141 491 4181 om.
515 4129 543 4179 M
608 4128 741 4192 182ῆο111.
762 4129 790 4178 Μ
855 4130 884 4179 23
904 4131 1089 4190 ἀσιι,’έ1·υίιῑ’.
1109 4136 1134 4183 Α
1197 4133 1228 4183 26
1248 4136 1441 4192 τίς-σκοπός

328 4201 404 4251 rubr.
426 4201 592 4251 A:0m.M
656 4200 899 4260 27ο1,οτυί)ι“.Α
962 4202 1441 4268 27ο1μὲν-11,12σκοποῶτί1ωο

327 4272 419 4323 omnia
440 4286 475 4324 ex
495 4271 714 4336 praecedentibus
728 4273 840 4336 repetita
854 4273 983 4325 videntur
1003 4288 1080 4326 esse:
1099 4280 1124 4327 οἳ
1140 4276 1182 4340 μὲν
1203 4304 1234 4314 ·-
1255 4279 1440 4342 ἀποβλέψαντες

327 4344 365 4394 υί.
383 4344 408 4405 8,
423 4343 438 4392 9
453 4349 480 4394 αθ
495 4343 540 4401 18;
560 4348 586 4396 οἳ
600 4344 670 4394 δέ-
684 4347 847 4396 ἐπιδείκνυσῆι
866 4345 902 4395 ot.
919 4345 944 4402 8,
960 4345 1006 4404 293
1029 4350 1054 4397 οἳ
1068 4347 1094 4399 δέ
1108 4375 1139 4384 -
1152 4351 1280 4414 γεγένηται
1300 4348 1334 4398 cf.
1351 4347 1376 4411 8,
1392 4347 1439 4407 16;

329 4417 401 4474 αὐτὸς
415 4443 447 4452 -
465 4419 522 4481 έρᾶν
542 4415 579 4465 cf.
601 4416 625 4469 1.
646 4416 692 4473 10;
713 4419 864 4479 βουλόμενος
882 4444 912 4452 —-
931 4420 1016 4483 ἐρῶντι
1035 4417 1073 4468 cf.
1097 4417 1121 4477 1,
1141 4420 1185 4478 11;
1205 4422 1261 4486 περὶ
1280 4409 1309 4470 οῶ
1328 4446 1358 4455 -
1377 4421 1441 4470 ἀκο-

328 4486 651 4550 λουθητέυνυτθαέίευας
672 4490 697 4538 σί
716 4487 975 4552 δέ-λεγόμεναοί.
994 4489 1332 4549 9,4;υίδέ-οὐσία(ιί.
1349 4491 1374 4552 8,
1392 4490 1438 4551 30;

328 4559 393 4611 οίδέ
411 4585 442 4595 -
459 4561 538 4610 καλοῦ
555 4557 594 4609 εί.
611 4557 1049 4622 9,5;πάντις-σκοποῦυί.9,6
1111 4560 1284 4627 θθδιαλόγου]
1297 4565 1373 4628 λόγου
1390 4562 1440 4612 M:

329 4629 455 4688 υ1.8,16
