3164 5512
373 501 428 553 ΕΙΣ
448 502 510 552 TON
532 502 709 553 ΠΛΑΤΩΝΟΣ
730 501 872 552 ΦΑΙΔΡΟΝ
896 502 1020 553 ΣΧΟΑΙΑ
1216 512 1262 562 247

42 660 108 728 [195]
140 653 285 713 ίέναικατδι
297 657 403 736 τέχνην.
421 689 460 700 -
473 655 508 710 Τὸ
523 654 552 712 δέ
565 656 618 712 καὶ
634 655 903 736 ἀποκρύπτονται
917 655 1046 722 είδύτες
1061 660 1163 739 ψυχῆς
1175 656 1260 737 πέρι·

142 754 168 811 ἐν
181 753 241 825 ἤθει
252 761 331 812 τοῦτο
347 755 430 832 λέγει,
447 755 567 812 τουτέστι
583 753 667 828 μηδὲν
682 752 784 819 είδύτες
797 757 857 835 περὶ
868 758 970 835 ψυχῆς,
986 754 1061 812 οὐδὲν
1073 755 1208 835 λέγουσιν.
1223 793 1262 804 -

140 853 224 910 Αύτδι
247 854 305 928 μὲν
327 853 363 909 τὰ
385 853 513 931 ῥήματα
534 853 651 910 εἰπεῖν·
675 853 827 934 φιλοσόφου
843 854 893 934 γάρ
908 853 961 910 ἐστι
976 854 1076 919 τύπους
1093 852 1196 926 δοῦναι,
1215 855 1263 911 ούκ

140 953 178 1014 είς
193 953 225 1008 τὰ
240 952 390 1008 καθέκαστα
406 952 534 1009 κατιέναι·
553 954 597 1009 καί
616 951 643 1008 έν
663 956 696 1028 τῇ
712 950 869 1023 Πολιτεία
884 949 912 1008 δέ
926 952 1048 1009 τοιοῡτύν
1062 975 1087 1008 τι
1104 955 1173 1010 είπε·
1190 955 1220 1010 τὸ
1235 953 1263 1011 δέ

93 1056 108 1105 5
142 1051 274 1130 ἁρμονίας
289 1057 350 1116 τοῖς
365 1050 491 1113 πολίταις
507 1049 549 1106 διὰ
561 1050 591 1106 τὸ
606 1050 704 1129 ἀρετὴν
716 1052 864 1122 κτήσασθαι
879 1051 1029 1132 φιλοσόφου
1042 1051 1110 1108 ἐστὶν
1123 1052 1208 1109 εἰπεῖν
1220 1054 1264 1109 καί

140 1147 246 1206 είδέναι·
267 1155 344 1207 ποῖαι
363 1147 391 1205 δέ
411 1148 539 1228 ἁρμονίαι
557 1150 601 1205 καί
619 1149 652 1205 τὰ
672 1149 823 1206 καθέκαστα
841 1157 889 1220 τῆς
910 1158 1038 1225 μουσικῆς
1057 1148 1165 1222 εἰδέναι,
1185 1150 1227 1206 θ’τι
1248 1152 1262 1207 δ

140 1249 256 1328 Φρύγιος
274 1249 297 1305 εί
317 1247 396 1328 τύχοι
417 1248 435 1319 ί]
455 1250 470 1303 θ
489 1245 588 1311 Λύδιος
608 1248 625 1318 ἢ
645 1248 679 1304 τα
697 1254 818 1319 τοιαῦτα,
843 1254 891 1305 τού
913 1255 1042 1324 μουσικοῦ
1062 1250 1132 1307 έστιν
1153 1248 1261 1309 εἰδέναι.

143 1371 157 1402 ιι
175 1348 223 1403 Καὶ
239 1347 352 1404 ἐνταῦθα
367 1345 425 1417 ούν,
440 1347 515 1427 φησὶ,
532 1347 626 1422 τὸμὲν
642 1347 674 1402 τὰ
688 1347 838 1404 καθέκαστα
851 1346 942 1427 λέγειν
961 1348 1010 1405 ούκ
1028 1345 1097 1405 ’ἐστιν
1115 1349 1262 1428 ἡμέτερον,

140 1446 170 1501 τδ
190 1443 218 1501 δέ
236 1444 336 1510 τύπους
356 1443 521 1524 παραδοῦναι
539 1446 584 1500 καί
601 1442 719 1502 διελθεῖν
737 1445 771 1501 τδι
788 1443 846 1517 τίθη
867 1454 917 1516 τῆς
936 1448 1028 1527 ψυχῆς
1043 1447 1156 1503 καὶτῶν
1172 1444 1264 1525 λόγων

80 1547 110 1598 10
141 1541 371 1624 ἡμέτερύνέστιν.
391 1567 405 1597 ιι

182 1699 250 1767 σκζ’.
275 1700 339 1757 Ούκ
361 1698 508 1780 εὐπετές]
531 1703 588 1761 271
613 1701 649 1761 C.

181 1844 320 1902 Τυυτέστιν
336 1843 385 1900 ούκ
399 1839 456 1924 ἔχω
471 1844 500 1901 ἐκ
516 1845 665 1926 προχείρου
684 1843 780 1923 λέγειν·
798 1843 829 1901 ού
844 1845 894 1926 γδιρ
914 1846 986 1903 εἶπεν
1000 1844 1141 1905 ἀδύνατον.
1158 1879 1198 1890 -
1214 1844 1264 1909 Ὠς

142 1942 175 2001 δέ
193 1943 239 2002 δεῖ
259 1943 408 2025 γράφειν·
428 1944 548 2001 τουτέστι
569 1969 584 1999 ιι
600 1944 633 2000 τὰ
649 1946 761 2025 τεχνικὰ
776 1947 946 2025 θεωρήματα
964 1944 1170 2024 παραδώσομεν,
1188 1945 1221 2002 τδι
1237 1943 1271 2001 δέ,

142 2043 210 2098 κατα
226 2041 305 2122 μέρος
319 2040 361 2099 ού·
379 2045 436 2101 οἷον
450 2043 522 2098 πύσα
538 2041 599 2115 είδη
617 2042 720 2122 λύγων,
736 2044 781 2100 καί
796 2044 837 2100 ὅτι
851 2044 882 2100 τὸ
899 2045 947 2119 μὲν
962 2045 1065 2125 ίαχνδν,
1081 2044 1112 2100 τὸ
1128 2042 1156 2101 δέ
1171 2042 1263 2124 ἁδρὸν,

83 2149 111 2199 15
143 2141 187 2197 καί
201 2141 360 2197 τὰτοιαῦτα
375 2142 424 2198 ούκ
438 2137 589 2216 έστινὴμῖν
605 2141 736 2206 εὐπετὲς
753 2143 868 2201 εἰπεῖν,
887 2166 902 2197 ιι
923 2141 927 2221 ]

37 2329 118 2393 p,196
184 2306 257 2380 σκη’.
283 2305 414 2379 Ἐπειδὴ
441 2307 542 2384 λύγου
565 2306 701 2381 δύναμις
724 2307 892 2389 τυγχάνει]
918 2309 973 2367 271
1001 2307 1036 2366 C.

1211 2371 1213 2396 ί

184 2447 311 2508 Βούλεται
336 2450 374 2513 ὡς
399 2446 429 2504 δν
456 2444 542 2513 είποις
567 2447 610 2505 ἐπὶ
633 2447 855 2527 παραδείγματος
877 2446 1043 2528 παραδοῦναι
1068 2449 1100 2504 τὰ
1123 2449 1263 2527 εἰρημένα·

145 2544 238 2606 λαθὼν
259 2548 308 2626 γὰρ
330 2545 473 2624 ἀναλογίαν
491 2555 541 2617 τῆς
561 2547 684 2626 ἰατρικῆς
703 2548 771 2626 πρὸς
791 2549 840 2618 τὴν
864 2547 1020 2626 ρἠτορικήν,
1040 2547 1085 2602 καὶ
1108 2547 1191 2603 εἰπὼν
1212 2547 1263 2615 ὅτι,

145 2648 233 2726 ὥσπερ
253 2646 339 2717 ἐκείνη
359 2646 421 2725 περὶ
440 2644 564 2720 σώματα,
587 2646 652 2718 αὕτη
673 2648 734 2726 περὶ
754 2648 857 2727 ψυχὴν,
873 2648 918 2701 καὶ
930 2646 963 2702 τὰ
978 2643 1051 2702 ἄλλα
1065 2644 1115 2701 θ’σα
1131 2646 1202 2717 εἷπε,
1220 2651 1266 2701 νῦν

81 2766 114 2816 20
146 2746 196 2802 ύπδ
216 2746 244 2802 ἓν
268 2744 353 2823 λέγει,
377 2743 594 2825 ψυχαγωγίαν
619 2742 707 2822 λέγων
729 2745 760 2800 τδ
784 2743 910 2801 δύνασθαι
931 2742 1005 2823 ἄγειν
1026 2745 1071 2799 καὶ
1093 2745 1194 2801 πείθειν
1217 2746 1266 2814 τὴν

145 2846 247 2925 ψυχήν.
265 2877 303 2887 -
319 2843 354 2899 Τδ
370 2850 436 2921 γοῦν
456 2845 539 2923 ψυχὴ
557 2843 615 2899 ύσα
631 2841 703 2915 είδη
722 2841 798 2923 ἔχει·
818 2843 923 2924 ὀφείλει
944 2843 1038 2900 εἰδέναι
1056 2844 1199 2924 τὴνφύσιν
1218 2851 1267 2914 της

145 2948 238 3023 ψυχῆς
253 2943 297 2998 καί
311 2942 344 2997 τὰ
360 2942 441 3020 μύρια
455 2950 505 3013 τῆς
521 2944 624 3021 ψυχῆς,
643 2942 684 2998 θ’τι
697 2945 827 3022 τριμερής
843 2941 908 3012 ἐστι,
924 2943 969 2998 καί
983 2944 1021 3006 ὡς
1037 2944 1074 3006 είς
1092 2939 1197 3021 μεγάλα
1210 2939 1266 3000 διε·

145 3039 220 3097 λύντι
233 3039 343 3097 τοιαῦτά
358 3039 424 3144 έρτι,
443 3039 563 3117 λογικὸν,
581 3039 711 3115 θυμικὸν,
728 3039 930 3114 ἐπιθυμητικόν.

187 3206 255 3263 σκθ’.
279 3201 372 3259 Ὅθεν
394 3203 425 3257 οί
449 3202 505 3275 μἐν
527 3198 665 3278 τοιοίδε]
688 3201 744 3260 271
769 3200 808 3259 D.

83 3375 114 3425 25
188 3353 247 3410 Ὅτι
267 3356 293 3411 οἰ
313 3352 444 3431 τῷλόγῳ
463 3352 674 3417 ἀκολουθοῦντες
693 3352 820 3433 χαίρουσι
836 3361 894 3418 τοῖς
911 3352 1106 3417 ἀποδεικτικοῖς
1121 3351 1226 3431 λύγοις,
1241 3353 1267 3406 οἳ.

147 3455 175 3513 δὲ
186 3461 223 3534 τῷ
238 3458 319 3532 θυμῷ
331 3459 388 3517 τοῖς
401 3449 550 3530 δινδριύδεσι
562 3453 605 3508 καί
620 3456 654 3527 τι]
669 3452 741 3528 νίκῃ,
757 3455 782 3507 οἳ
799 3450 827 3509 δέ
838 3459 875 3532 τῷ
891 3453 1074 3532 ἐπιθυμητικῷ
1086 3451 1268 3534 κατεχόμενοι

147 3560 182 3632 τῇ
196 3552 363 3634 γλυκυθυμίᾳ
376 3554 421 3608 καί
434 3558 491 3616 τοῖς
506 3552 649 3633 προσηνέσι
664 3549 767 3630 λύγοις.

189 3720 244 3779 σλ’.
269 3718 382 3795 Λύγων
405 3715 442 3773 αύ
462 3717 541 3773 τύσα
561 3718 613 3772 καὶ
634 3713 725 3795 τύσα]
748 3716 804 3773 271
830 3713 867 3773 Ι).

190 3872 251 3929 ’Ότι
272 3876 326 3928 τιῖιν
345 3870 435 3948 λόγων
455 3873 481 3927 οἳ
504 3871 552 3945 μέν
573 3872 637 3928 εἰσιν
654 3868 847 3942 ἀποδοικτικοί,
866 3873 892 3927 οἳ
913 3869 942 3927 δέ
962 3872 1121 3952 σοφιστικοὶ,
1138 3871 1224 3951 ἤγουν
1244 3873 1270 3928 οἳ

88 3993 118 4042 30
152 3974 200 4047 μὲν
215 3970 301 4051 ἁδροί,
319 3971 345 4025 οἳ
361 3967 389 4025 δὲ
403 3970 501 4050 ἰσχνοί,
517 3971 562 4025 καίΙ
578 3970 611 4025 τδι
625 3969 718 4044 ὅμοια.
735 4004 774 4012 -
788 3970 844 4025 Διὰ
860 3967 891 4026 δὲ
905 3967 1002 4042 τήνδε
1016 3972 1075 4041 τὴν
1090 3970 1209 4027 αἰτίαν·
1225 3969 1270 4027 ἵνα

152 4073 189 4145 μὴ
208 4071 291 4145 μόνον
304 4075 384 4147 πεῖρα
399 4067 417 4143 ᾖ
435 4065 565 4123 ἀλλὰκαὶ
580 4068 674 4148 τέχνη·
690 4073 797 4146 πρῶτον
812 4068 863 4148 γὰρ
878 4074 967 4147 πεῖρα,
984 4069 1041 4126 εἶτα
1058 4069 1194 4149 ἐμπειρία,
1213 4069 1269 4125 εἶτα

181 4273 197 4322 ι
214 4285 237 4322 e.
253 4284 279 4336 g.
295 4268 358 4335 ιιιρ.
373 4268 412 4318 ιιι
425 4267 472 4317 ιιι
485 4269 509 4317 Α

184 4388 424 4442 ΝθίτιοιυΜ
488 4387 672 4438 8τὲιοιιι.Μ
739 4388 766 4435 11
789 4385 1030 4446 ούιι,οιίι·ιι1)ι·.Α
1095 4385 1271 4449 161πειδὴ,ἐ

152 4463 261 4512 rubr.A
325 4460 356 4510 18
373 4457 509 4525 γᾶρΙδέΜ
574 4457 718 4509 δτιοηι.θί
783 4456 964 4515 22ὡςο111.Μ
1029 4456 1269 4508 22-2θδιελόνταΜ

214 4534 244 4583 ΞΑ
261 4535 325 4593 ὅθεν,
341 4533 354 4586 ὅ
373 4531 447 4581 rubr.
471 4533 495 4579 Α
559 4536 622 4580 τοῖοι
641 4530 711 4579 Ρίυι,
732 4528 791 4578 cod.
812 4528 834 4576 B
897 4528 927 4578 25
944 4538 978 4595 τῷ
998 4533 1061 4577 ante
1079 4531 1147 4594 λόγῳ
1166 4542 1220 4577 om.
1242 4529 1271 4578 M

214 4604 245 4655 28
261 4608 353 4669 λόγιον,
373 4605 387 4651 λ
402 4601 474 4650 rubr.
494 4603 517 4648 Α
587 4601 660 4658 αύτδς
679 4603 694 4651 ἃ
710 4599 780 4649 Plat.
795 4599 853 4650 cod.
872 4599 894 4648 B
964 4600 995 4648 29
1011 4596 1100 4665 ἤγουν]
1118 4598 1132 4661 ἢ
1148 4602 1209 4668 γοῦν
1227 4602 1271 4655 M

152 4676 213 4742 ἢΜ
291 4675 319 4725 31
337 4675 451 4738 ἐμπειρία
466 4668 519 4722 εἶτα
534 4671 629 4730 OQM
1036 4665 1037 4671 ’
