3248 5512
341 456 372 508 22
725 446 865 497 ιιιιιοιοι·
886 448 1083 500 ψιιοεοψοι·

240 601 309 681 ,[69]
383 594 595 673 Προσήκουσά
616 594 652 672 γέ
673 595 738 670 σοι]
763 593 836 658 ἰδίως
860 594 908 670 μέν
928 596 994 667 αὕτη
1017 602 1055 670 τῷ
1077 596 1213 675 Σωκράτει
1231 598 1405 676 προσήκουσα
1424 597 1462 662 ὡς

341 693 471 772 ἐρωτικῷ,
485 697 581 757 κοινῶς
593 690 676 748 δὲκαὶ
690 693 762 749 πᾶσά
775 715 813 757 τις
828 694 903 773 ἑτέρα
918 693 1016 772 λογικά,
1032 695 1113 766 ἀκοή·
1133 695 1218 774 τροφὴ
1234 696 1285 774 γάρ
1303 704 1351 766 τῆς
1369 699 1462 775 ψυχῆς

342 794 368 848 οῖ
382 789 472 869 λόγοι.
492 789 536 853 Ὧς
552 797 616 868 γοῦν
631 792 712 870 ἰατρῷ
731 793 910 870 προσήκουσιν
929 795 957 849 αἱ
977 795 1072 873 τροφαίΙ
1096 793 1130 858 εἷς
1148 793 1234 872 κρίσιν
1251 793 1321 856 τίνες
1341 816 1370 850 τε
1392 791 1460 870 βλα·

251 914 276 965 p.
293 899 323 950 70
342 885 416 970 όεραὶ
433 889 439 969 Ι
456 890 501 944 καί
512 888 577 954 τίνες
590 887 736 970 ὠφέλιμοι,
752 890 822 946 οὕτω
836 892 881 946 καῖ
894 897 933 964 τῷ
944 896 998 947 τῶν
1012 895 1108 972 ψυχῶν
1123 892 1205 970 ίατρῖμ
1223 891 1358 971 Σωκράτει
1373 894 1391 962 ά,
1407 897 1463 948 τῶν

296 1001 310 1048 5
343 986 434 1067 λόγοιν
448 988 516 1058 άκοὴ
532 987 600 1050 τίνες
620 984 732 1060 ἀληθεῖς
754 989 799 1045 καί
819 988 888 1054 τίνες
906 990 1053 1061 ἀπατηλοὶ,
1069 991 1134 1054 τίνες
1156 990 1292 1068 άναγωγοὶ
1309 998 1357 1060 τῆς
1371 994 1462 1070 ψυχῆς

342 1088 387 1151 καὶ
399 1086 466 1152 τίνες
477 1087 643 1165 καταγωγοί.
661 1087 690 1144 Τί
709 1085 736 1144 δέ
747 1112 754 1160 ;
776 1088 839 1169 οὐχ).
857 1090 901 1144 καὶ
920 1092 1002 1162 ἡμεῖς
1020 1087 1065 1168 ἀφ’
1085 1089 1185 1144 έαυτῶν
1204 1089 1264 1153 τοὺς
1283 1088 1401 1166 ἀγαθοὺς
1419 1087 1462 1144 οἷ’-

343 1184 436 1259 δαμεν,
457 1183 524 1241 ὅπου
541 1206 572 1262 γε
591 1184 684 1242 καὶτὰ
706 1183 795 1264 ἄλογα
817 1188 873 1259 ζῷα
886 1184 996 1251 ,οἴδασιν
1015 1184 1058 1266 ἀφ’
1078 1187 1178 1242 έαυτῶν
1198 1185 1228 1242 οὗ
1250 1187 1330 1259 μόνον
1347 1187 1414 1251 τίνες
1433 1187 1462 1241 αἳ

345 1280 477 1362 βλαόεραί
501 1284 610 1360 βοτάναι
628 1285 672 1339 καὶ
691 1285 757 1347 τίνες
776 1287 803 1339 αἱ
824 1284 971 1364 ὠφέλιμοι,
993 1284 1065 1342 ἀλλὰ
1083 1287 1128 1339 καὶ
1146 1284 1211 1340 ποία
1232 1286 1302 1359 ποίῳ
1319 1286 1399 1341 πάθει
1418 1285 1464 1340 καὶ
1486 1343 1489 1347 7

342 1382 409 1454 ποίᾳ
429 1381 544 1451 διαθέσει
562 1383 606 1438 καίΙ
624 1381 685 1438 καθ’
705 1384 733 1438 δν
751 1384 844 1460 καιρὸν
861 1386 1014 1463 χρήσιμος;
1032 1383 1069 1438 Ἢ
1089 1382 1130 1439 ἐπ’
1150 1382 1259 1447 ἐκείνοις
1277 1384 1359 1463 κρίσις
1376 1383 1463 1461 λόγου

281 1492 312 1542 10
344 1481 393 1538 οὐκ
413 1478 478 1552 ἐστι,
506 1481 573 1555 μόνη
599 1480 628 1536 δέ
651 1483 722 1559 ὁρμὴ
747 1483 844 1561 φυσικὴ
870 1478 971 1559 ἄλογος
997 1482 1175 1556 οῖκονομοῦσα
1197 1482 1227 1537 τὸ
1251 1482 1385 1562 συμφέρον
1406 1488 1464 1546 τοῖς

346 1580 434 1652 ζῴοις,
457 1577 497 1659 ἐφ’
518 1583 585 1654 ἡμῖν
606 1577 634 1635 δέ
676 1579 739 1657 όγος
757 1580 801 1635 καὶ
819 1579 914 1659 κρίσις·
932 1580 999 1637 δ’που
1014 1578 1042 1637 δέ
1056 1579 1151 1659 κρίσις,
1173 1579 1230 1637 έκεῖ
1247 1581 1292 1636 καὶ
1311 1579 1398 1652 ἀπάτη
1419 1581 1465 1636 καίΙ

345 1676 549 1757 διαμαρτίατοῦ
565 1676 716 1758 ὠφελίμου.
735 1679 806 1742 Τίνες
823 1684 887 1757 γοῦν
906 1674 1027 1754 ἔμελλον
1041 1678 1183 1757 ἐπανάγειν
1195 1678 1257 1743 τοὺς
1271 1678 1464 1753 ἠπατημένους
1497 1730 1500 1739 ,

345 1775 388 1856 (οό
404 1777 454 1854 γάρ
470 1776 545 1832 αὐτοὶ
559 1777 690 1855 ἑαυτούς),
704 1778 727 1834 εἶ
745 1780 783 1851 μή
802 1779 828 1833 οῖ
844 1776 938 1842 καλῶς
954 1774 1058 1858 ἔχοντες
1074 1779 1188 1834 καὶτῶν
1205 1777 1333 1833 τοιοότων
1352 1777 1465 1848 ἐπιστή-

347 1894 443 1951 μονες;
462 1879 529 1938 Νοῦς
546 1872 574 1931 δέ
590 1875 632 1931 νοί·
647 1876 692 1931 καὶ
710 1873 793 1953 λόγος
810 1872 887 1952 λόγῳ
903 1874 1046 1940 ἐνδιάθετος
1063 1874 1201 1950 ἐνδιαθέτῳ
1218 1881 1278 1939 πῶς
1295 1874 1421 1954 ἐμίγνυτο
1434 1875 1466 1932 άν

283 1984 313 2038 15
345 1975 426 2046 τόσης
447 1972 529 2045 οὔσης
549 1975 721 2054 παχότητος;
744 1973 792 2030 Διά
812 1979 890 2030 τοῦτο
915 1973 998 2053 λόγος
1017 1973 1093 2046 ἐδόθη
1118 1977 1132 2030 6
1155 1974 1327 2054 προφορικός·
1352 1973 1412 2030 καθ’
1435 1975 1466 2031 δν

345 2074 442 2154 τρόπον
455 2074 529 2143 καὶὴ
543 2077 597 2128 τῶν
608 2072 746 2152 παρόντων
761 2070 851 2152 λόγων
864 2073 932 2143 ἀκοὴ
945 2079 984 2148 τῷ
1000 2074 1136 2153 Σωκράτει
1150 2076 1334 2152 προσήκουσα.

385 2237 425 2311 η’.
441 2238 476 2297 Ὠ
499 2239 666 2317 γενναῖος]
689 2239 747 2297 227
768 2235 803 2296 C.

386 2357 492 2442 ’Ἐπειδὴ
517 2364 667 2450 παράδοξος
687 2373 721 2442 ἦν
745 2373 762 2441 ἡ
791 2370 926 2439 ὑπόθεσις,
953 2369 993 2425 δ’τι
1019 2369 1058 2426 δεῖ
1084 2371 1122 2445 μὴ
1148 2370 1241 2451 ἐρῶντι
1262 2369 1423 2452 χαρίζεσθαι
1447 2370 1465 2439 ἦ

347 2472 440 2551 ἐρῶντι
454 2470 490 2549 (τί
504 2472 554 2550 γάρ
570 2471 615 2526 καὶ
632 2467 715 2525 δεῖται
731 2470 744 2524 6
762 2471 800 2543 μὴ
817 2468 884 2547 ἐρῶν
896 2466 940 2524 ’ίνα
957 2467 1029 2543 αὐτῷ
1044 2468 1219 2549 χαρίζηται;)
1240 2469 1282 2526 διά
1295 2474 1374 2526 τοῦτο
1391 2469 1467 2547 λέγει

284 2584 316 2638 20
348 2574 361 2628 6
379 2571 534 2650 Σωκράτης·
553 2595 567 2624 ιι
585 2570 607 2627 εί
623 2568 695 2633 όλως
714 2568 786 2625 θέλει
799 2561 959 2647 παραδόξοις
972 2569 1124 2625 ὑποθέσεσιν
1143 2570 1200 2642 ἅμα
1218 2569 1263 2624 καὶ
1276 2566 1468 2649 κοινωφελέσιν

348 2669 492 2749 ἐγχειρεῖν,
513 2670 637 2748 γραφέτω
654 2666 760 2742 μάλλον
780 2668 818 2730 ὠς
837 2668 892 2747 χρὴ
910 2666 1002 2738 πένητι
1016 2665 1207 2746 χαρίζεσθαιῆ
1227 2666 1361 2741 πλουσίῳ·
1382 2668 1468 2747 παρά-

348 2766 423 2834 δοξον
437 2769 487 2847 γάρ
503 2766 548 2823 καί
563 2773 652 2826 τοῦτο.
668 2766 816 2842 Νομίζουσι
831 2768 882 2846 γὰρ
896 2770 952 2829 τοῖς
965 2765 1105 2829 πλουσίοις
1121 2763 1227 2840 μᾶλλον
1241 2764 1296 2822 δεῖν
1309 2766 1468 2845 χαρίζεσθαι

348 2865 419 2945 ἥπερ
432 2873 489 2930 τοῖς
504 2864 609 2936 πένησι.
625 2864 710 2921 Πάλιν
724 2863 817 2935 ἐπειδὴ
833 2864 1122 2944 εόκαταφρονητότερον
1138 2869 1185 2921 zo&
1200 2863 1259 2920 νέου
1274 2866 1288 2920 6
1302 2859 1466 2943 πρεσόότης,

349 2965 391 3023 διά
403 2971 481 3022 τοῦτο
499 2965 529 3020 τὸ
549 2955 696 3043 παράδοξον
714 2960 768 3020 ἔδει
787 2963 896 3043 γράφειν
915 2963 954 3025 ὠς
972 2958 1142 3041 πρεσόυτέρῳ
1160 2962 1302 3044 χαριστέον
1322 2961 1429 3038 μᾶλλον
1448 2963 1467 3034 ἢ

287 3079 317 3130 25
349 3066 479 3143 νεωτέρῳ,
496 3062 628 3119 τουτέστιν
646 3061 696 3118 όσα
714 3062 775 3136 ἐμοὶ
797 3067 836 3134 τῷ
857 3061 992 3140 Σωκράτει
1015 3063 1141 3140 ὑπάρχει.
1166 3062 1215 3117 Καὶ
1237 3063 1288 3140 γάρ
1308 3062 1390 3132 πένης
1412 3062 1468 3137 εἶμί

350 3165 395 3220 καὶ
417 3157 576 3242 πρεσόότης·
600 3162 645 3217 καὶ
665 3163 750 3226 οὕτως
772 3161 802 3217 &v
821 3159 947 3240 ὠφέλησε
968 3158 1075 3234 μᾶλλον
1095 3164 1112 3230 ἡ
1133 3153 1281 3239 παράδοξος
1302 3160 1426 3223 ὑπόθεσις
1446 3161 1469 3216 εί

352 3262 413 3335 ἐμοὶ
427 3260 489 3323 τοὺς
505 3258 578 3322 νέους
594 3258 742 3338 ἐπέτρεψεν,
759 3260 788 3322 ’ός
803 3261 847 3314 καὶ
861 3257 942 3330 πένης
960 3257 1016 3332 εἶμί
1032 3258 1078 3313 καὶ
1095 3253 1254 3336 πρεσόότης.
1274 3258 1324 3313 Καὶ
1342 3258 1426 3322 οότως
1441 3256 1470 3314 δέ

351 3357 443 3429 ἐπειδὴ
458 3360 483 3413 οῖ
498 3357 623 3414 πλούσιοι
638 3353 818 3438 ὑόριστότεροί
834 3358 883 3414 εἶσι
901 3362 955 3413 τῶν
968 3358 1090 3426 πενήτων
1109 3357 1154 3412 καί
1173 3358 1198 3412 οῖ
1218 3355 1272 3412 νέοι
1290 3362 1343 3412 τῶν
1356 3352 1470 3435 πρεσόυ-

351 3457 443 3537 τέρων,
472 3457 515 3513 ἐάν
538 3457 629 3535 γράψῃ
656 3459 725 3531 μήτε
747 3463 803 3521 τοῖς
825 3457 965 3519 πλουσίοις
986 3456 1143 3536 χαρίζεσθαι
1166 3458 1235 3530 μήτε
1258 3461 1315 3517 τοῖς
1340 3456 1418 3527 νέοις,
1445 3457 1472 3510 οἳ

290 3571 320 3621 30
351 3557 397 3612 καί
415 3552 593 3636 ὑόριστότεροί
611 3556 686 3626 εἰσιν,
702 3554 776 3613 ἀλλὰ
794 3554 901 3629 μᾶλλον
916 3560 974 3618 τοῖς
989 3553 1084 3624 πένησι
1102 3554 1147 3608 καί
1167 3548 1363 3632 πρεσόυτέροις,
1383 3553 1408 3609 οί
1426 3555 1472 3619 καί

353 3654 559 3737 σωφρονέστεροί
578 3656 638 3728 εἰσι,
656 3653 763 3729 μᾶλλον
779 3657 852 3734 [γὰρ]
869 3654 899 3711 δν
914 3651 1039 3734 ὠφέλησε
1053 3652 1102 3721 τήν
1116 3650 1197 3708 πόλιν
1212 3650 1334 3713 καὶτοὺς
1349 3649 1435 3713 νέους.
1454 3674 1469 3705 υ

392 3752 481 3829 Είθε]
502 3752 529 3809 '0
545 3754 593 3828 μέν
608 3753 754 3832 Σωκράτης
775 3752 905 3832 διασόφων
921 3753 995 3830 λέγει
1007 3757 1084 3808 τοῦτο
1100 3750 1196 3807 ὡσανεί
1211 3749 1255 3805 καί
1270 3749 1371 3805 τούτων
1390 3746 1473 3804 όντων

353 3852 481 3909 τοιούτων
501 3849 666 3931 παραδόξων·
690 3851 720 3908 οό
741 3851 814 3908 δοκεῖ
834 3850 862 3907 δέ
880 3851 912 3907 τά
930 3857 1039 3907 τοιαῦτα
1057 3851 1124 3928 πρὸς
1143 3850 1192 3918 τὴν
1209 3845 1288 3905 θέσιν
1307 3853 1354 3904 τοῦ
1374 3848 1472 3903 Λυσίου

355 3950 491 4018 έξισάζειν·
513 3953 527 4007 6
548 3952 599 4031 γὰρ
621 3951 717 4015 Λυσίας
739 3972 778 4024 τῳ
803 3949 851 4024 μέν
878 3952 916 4024 μὴ
942 3949 1034 4028 ἐρῶντι
1058 3947 1132 4025 λέγει
1154 3947 1312 4027 χαρίζεσθαι
1336 3947 1372 4009 ὠς
1392 3943 1473 4016 δῆθεν

385 4146 447 4196 TIT
464 4146 478 4195 3
494 4146 595 4212 ἀπορία.
611 4141 681 4202 λόσις
697 4148 720 4195 Α

387 4265 460 4317 NC1
478 4264 659 4333 Προσήκουσα,
675 4282 693 4314 π
707 4262 781 4312 rubr.
795 4265 838 4311 A:
858 4261 886 4309 in
904 4258 1026 4322 margine
1038 4257 1149 4307 stellula
1167 4255 1249 4305 rubra
1315 4258 1356 4319 μέν
1371 4267 1428 4304 om.
1444 4255 1471 4303 Μ

418 4338 473 4388 8α1
487 4340 550 4386 ante
565 4338 684 4401 ὠφέλιμοι
700 4346 755 4383 om.
776 4333 804 4381 Μ
870 4329 940 4392 ποία]
955 4335 1015 4380 ποῖοι
1031 4330 1058 4378 Μ
1124 4327 1139 4376 9
1158 4326 1292 4395 χρήσιμος]
1308 4325 1429 4393 χρήσιμοι
1444 4326 1472 4374 Μ

419 4412 499 4474 κρίσις
513 4411 609 4473 mou:
625 4406 686 4455 1011,
701 4407 782 4469 κρίσις
792 4402 881 4468 λογική
894 4400 938 4450 vel
950 4405 1031 4466 κρίσις
1042 4400 1165 4465 <μετὸι>
1177 4403 1255 4463 λόγου
1320 4397 1348 4447 17
1364 4391 1383 4447 ὠ
1399 4397 1473 4446 rubr.

358 4484 382 4529 Α
400 4483 430 4539 (ὢ
451 4479 532 4539 plat.)
596 4477 626 4527 19
646 4473 784 4542 χαρίζηται]
805 4476 938 4540 χαρίσηται
960 4471 986 4518 Μ
1051 4471 1080 4520 21
1100 4470 1230 4537 ἐγχειρεῖν]
1251 4473 1361 4535 έγχερεῖν
1382 4468 1410 4516 M

358 4548 389 4598 22
403 4547 463 4613 δεῖν]
479 4551 517 4599 δεῖ
528 4547 556 4596 Μ
621 4546 651 4596 27
666 4543 806 4611 ἐπέτρεψεν]
823 4545 959 4608 ἐπιτρέψειε
976 4540 1004 4589 Μ
1069 4541 1100 4592 29
1113 4540 1199 4613 γράψη
1214 4540 1262 4588 M:
1277 4538 1372 4605 γράψαι
1387 4542 1410 4586 Α

359 4619 388 4671 31
402 4621 451 4688 γάρ
466 4620 565 4670 seclusi
629 4617 659 4666 32
673 4618 731 4676 εἴθε,
752 4619 774 4665 εί
792 4614 866 4665 rubr.
885 4617 907 4663 Α
921 4628 926 4663 1
946 4615 1008 4663 τίθεν
1024 4612 1052 4661 Μ
