3150 5504
278 511 309 560 58
661 499 801 550 ΕΡΜΕΙΟΥ
823 501 1020 551 ΦΙΛΟΣΟΦΟΥ

196 669 244 735 [89]
279 656 410 729 Κτήματα
428 652 456 710 δέ
474 652 551 712 καλεῖ
565 655 651 711 πάντα
669 654 702 711 τὰ
717 654 805 726 έκτδς,
823 658 868 712 καὶ
883 654 979 736 διαιρεῖ
996 656 1062 713 αύτά
1075 658 1112 722 είς
1126 657 1196 736 τρία,
1212 655 1342 735 πατέρας,
1360 655 1402 737 ρι’-

282 752 358 822 λους,
374 755 515 833 χρήματα,
529 753 575 809 καὶ
588 751 721 810 δείκνυσιν
734 753 774 810 ότι
787 753 815 810 ἐν
826 762 890 811 πασι
904 756 1008 818 τούτοις
1024 751 1158 834 βλαδερός
1172 755 1242 811 ἐστιν
1255 755 1269 810 δ
1282 760 1404 818 τοιοῦτος

281 850 392 931 ἐραστὴς
406 856 444 926 τῷ
460 850 600 930 ἐρωμένῳ·
617 849 677 909 οῦτε
693 852 743 931 γάρ
760 851 875 932 πατέρας
892 853 1018 930 βούλεται
1035 853 1116 911 αῦτδν
1135 850 1210 934 ἔχειν
1231 852 1291 910 οῦτε
1311 851 1403 933 φίλους

282 946 343 1005 ούτε
357 950 411 1030 χρί,
417 970 499 1023 ματα.

236 1119 251 1168 5
323 1110 379 1174 νς’.
402 1105 490 1162 Ἔστι
513 1106 570 1180 μέν
595 1104 631 1177 δὴ
656 1107 710 1162 καὶ
736 1106 815 1164 ἀλλα
838 1109 932 1184 mi]
958 1108 1017 1166 240
1039 1109 1077 1168 Β.

326 1247 463 1304 Ἐντεῦθεν
480 1246 573 1303 λοιπὸν
594 1246 635 1303 δτι
653 1248 698 1303 καὶ
718 1246 821 1320 ἀηδής
840 1248 894 1306 ἐστι
912 1256 951 1324 τῷ
972 1249 1101 1331 ἐρωμένῳ
1117 1253 1131 1306 δ
1152 1257 1274 1316 τοιοῦτος
1294 1250 1408 1330 ἐραστὴς

285 1348 329 1403 καίΙ
346 1346 396 1403 οῦκ
414 1345 573 1426 εύρρόσυνος
588 1344 716 1416 δείκνυσι,
734 1347 780 1402 καί
801 1369 882 1427 ρησιν
899 1348 939 1404 δ’τι
954 1345 1010 1405 ἐ’στι
1021 1349 1079 1404 τινά
1092 1350 1162 1405 κακά
1175 1350 1333 1428 πράγματα,
1351 1350 1408 1405 οἷον

285 1448 331 1503 καὶ
351 1448 366 1502 ὁ
386 1438 489 1510 κόλαξ
509 1446 553 1502 καὶ
573 1448 591 1516 ἡ
614 1446 728 1524 ἑταίρα
750 1447 839 1522 (κακοὶ
861 1447 911 1526 γάρ
933 1449 997 1505 εἰσιν
1017 1449 1090 1504 οῦτοι
1113 1448 1154 1504 δ’τι
1174 1449 1242 1527 πρὸς
1261 1449 1348 1512 πάθος
1368 1447 1410 1503 ἀεὶ

287 1549 425 1601 ποιοῦνται
448 1544 512 1608 τοῦς
537 1542 648 1623 λόγους)
672 1550 719 1600 τοῦ
743 1545 844 1602 οἰκείου
871 1544 981 1624 κέρδους
1004 1544 1094 1603 ἐ’νεκεν
1119 1547 1165 1602 καὶ
1190 1542 1342 1612 ἐξαπατῶσι
1368 1546 1411 1601 καῖΙ

225 1655 256 1706 10
287 1643 442 1723 ἐπιορκοῦσι
459 1644 504 1699 καὶ
522 1640 679 1722 προδιδόασι
697 1641 833 1707 πολλάκις
855 1650 950 1723 μικροῦ
969 1645 1095 1724 ἀργυρίου
1109 1645 1155 1700 τδν
1173 1643 1303 1701 δοκοῦντα
1319 1643 1410 1707 αὐτοῖς

288 1738 379 1823 ρίλον·
394 1738 458 1797 ἀλλ’
471 1740 548 1814 δ’μως
561 1741 639 1820 φύσει
651 1737 727 1805 ὄντες
744 1743 834 1817 κακοὶ,
847 1740 922 1812 ἡδεῖς
936 1743 984 1799 εἶσι
998 1747 1056 1807 τοῖς
1075 1748 1194 1815 συνοῦσι,
1209 1743 1254 1798 καί
1270 1743 1413 1821 τέρπονται

290 1840 381 1903 αύτοῖς
396 1840 422 1896 οἰ
435 1839 557 1903 συνόντες
569 1840 613 1895 καὶ
625 1839 752 1920 χαίρουσι
763 1844 797 1915 τῇ
810 1840 908 1914 όμιλίσ
921 1839 1020 1899 αύτῶν.
1034 1847 1078 1914 Τῷ
1090 1839 1117 1897 δὲ
1131 1840 1287 1920 έρωμένῳδ
1301 1840 1414 1920 ἐραστὴς

290 1940 333 1996 καὶ
354 1940 392 2002 είς
407 1937 545 1994 συνουσίαν
562 1939 607 1993 καὶ
621 1938 734 2012 ὁμιλίαν
750 1937 848 2010 ἀηδής·
866 1936 1003 2011 ἀηδίζεται
1019 1940 1069 2019 γάρ
1082 1941 1153 2018 ὁρῶν
1170 1941 1185 1994 ὁ
1200 1939 1259 2004 νέος
1278 1935 1413 2019 πρεσδυ-

290 2039 384 2108 τικήν
406 2033 479 2111 ὄψιν
501 2035 715 2107 ἀπεσκληκυῖαν,
738 2037 781 2093 ἀεὶ
800 2037 867 2116 πρὸς
892 2037 1013 2115 ἀνάγκην
1036 2037 1187 2111 ὁμιλοῦντα
1212 2037 1284 2112 αὐτῷ
1306 2039 1352 2093 καὶ
1374 2038 1412 2112 μή

230 2147 259 2196 15
292 2135 378 2192 ἐῶντα
394 2135 474 2191 αῦτδν
489 2133 637 2212 συνδιαίγειν
650 2140 708 2199 τοῖς
722 2134 851 2210 ὁμήλιίιν
866 2137 972 2205 ἑαυτοῦ,
988 2134 1058 2210 μηδὲ
1071 2135 1138 2192 δ’που
1153 2134 1284 2213 βούλεται
1296 2135 1413 2194 ἀπιέναι.

294 2233 415 2308 Δαίμονα
435 2234 483 2307 μὲν
503 2231 549 2289 οῦν
567 2232 625 2290 εἶπε
647 2228 723 2307 μῖξαι
741 2240 780 2308 τῷ
799 2233 894 2291 κόλακι
910 2237 955 2291 καὶ
973 2241 1031 2298 τοῖς
1046 2235 1178 2297 τοιούτοις
1197 2240 1292 2298 κακοῖς
1307 2234 1337 2290 τὸ
1351 2232 1414 2308 ἡδύ,

188 2336 276 2387 ΡΜι·
294 2330 386 2403 ἐπειδὴ
409 2332 461 2388 ἀπὸ
483 2338 530 2388 τοῦ
552 2330 696 2407 δαιμονίου
715 2331 810 2410 γένους
831 2332 946 2412 πρώτως
967 2331 1078 2414 ἄρχεται
1098 2336 1116 2403 ἡ
1138 2338 1193 2389 τῶν
1216 2332 1323 2409 ἀγαθῶν
1346 2332 1351 2410 l
1373 2333 1418 2388 καὶ

293 2433 388 2488 κακῶν
401 2430 537 2510 διαίρεσις·
558 2439 610 2487 πᾶν
631 2432 682 2511 γάρ
703 2433 733 2487 τὸ
754 2432 818 2510 ὑπὲρ
836 2432 866 2487 τὸ
884 2430 1024 2506 δαιμόνιον
1040 2432 1119 2510 γένος
1141 2430 1289 2506 μονοειδῶς
1310 2430 1369 2511 ἔχει
1387 2431 1417 2486 τδ

295 2530 407 2610 ἀγαθόν.
426 2531 513 2587 Ἔστιν
533 2528 580 2587 οῦν
596 2552 655 2586 τινα
673 2530 739 2607 γένη
760 2527 895 2603 δαιμόνων
914 2531 947 2585 τά
967 2531 1016 2605 μἐν
1037 2528 1148 2609 μερίδας
1163 2531 1238 2594 τινδις
1252 2534 1300 2586 τοῦ
1313 2529 1418 2603 κόσμου

232 2639 264 2690 20
294 2633 516 2703 κατακοσμοῦντα
537 2629 581 2684 καὶ
603 2628 818 2706 ἐπιτροπεύοντα,
841 2628 874 2683 τά
896 2624 924 2683 δέ
945 2625 1005 2699 εἶ’δη
1027 2628 1084 2683 τινὰ
1107 2627 1193 2702 ζῴων.
1215 2627 1346 2707 Κατέχειν
1371 2623 1418 2682 οῦν

296 2716 452 2794 σπουδάζων
466 2727 513 2791 τάς
528 2717 619 2807 ψυχὰς
634 2720 672 2791 είς
687 2726 732 2782 τδν
747 2727 841 2782 ἑαυτοῦ
855 2725 959 2805 κλῆρον
975 2728 1033 2782 οἷον
1051 2727 1088 2790 εἷς
1104 2724 1207 2782 ἀδικίαν
1222 2726 1240 2795 ἢ
1259 2707 1417 2792 ἀκολασίαν,

297 2824 390 2903 δέλεαρ
413 2826 461 2895 τὴν
484 2822 606 2895 ἡδονὴν
627 2826 677 2895 τὴν
702 2822 732 2879 έν
754 2829 798 2896 τῷ
821 2823 1009 2902 παραυτίκα
1033 2822 1207 2900 ἀναμίγνυσιν
1234 2821 1261 2878 ἐν
1286 2820 1380 2885 αύταϊς
1406 2822 1420 2876 δ

296 2917 394 3002 ἔφορος
406 2918 487 2991 τῆσδε
498 2928 549 2990 τῆς
565 2922 639 2991 ζωῆς
652 2918 766 2994 δαίμων.
781 2917 875 2975 ’Ἄλλοι
887 2917 916 2976 δέ
927 2920 996 2983 τινές
1009 2920 1060 2976 εἱσι
1071 2919 1174 2975 τούτων
1187 2912 1421 2988 ἐπαναδεδηκότες

299 3017 427 3093 δαίμονες
449 3019 475 3074 οἳ
495 3015 622 3081 κολάσεις
647 3016 826 3092 ἐπιπέμπουσι
848 3022 908 3081 ταῖς
930 3021 1032 3097 ψυχαῖς
1057 3017 1256 3096 ἐπιπρέροντες
1279 3014 1361 3079 αύτάς
1387 3015 1423 3078 είς

236 3134 266 3184 25
298 3117 464 3196 τελεωτέραν
479 3118 523 3173 καίΙ
540 3117 683 3196 ὑπερτέραν
699 3118 784 3188 ζωήν.
802 3119 852 3173 Καὶ
867 3116 930 3181 τοῦς
950 3117 999 3191 μὲν
1013 3116 1136 3195 πρώτους
1154 3114 1350 3192 ἀποτρέπεσθαι
1368 3110 1421 3182 δεῖ,

296 3216 358 3279 τοῦς
372 3214 400 3272 δέ
413 3214 548 3294 δευτέρους
563 3211 787 3289 ἐξευμενίζεσθαι.
804 3216 859 3271 Εἰσὶ
873 3213 958 3271 δὲκαὶ
973 3212 1056 3272 ἀ’λλοι
1074 3213 1224 3294 κρείττονες
1243 3211 1372 3286 δαίμονες
1391 3211 1424 3267 τά

299 3316 386 3393 ἀγαδά
403 3314 551 3390 μονοειδῶς
568 3314 774 3388 ἐπιπέμποντες.
795 3348 834 3358 -
855 3313 919 3370 Οῦκ
940 3311 1087 3388 ἀ’μουσον
1108 3311 1136 3368 δὲ
1156 3309 1283 3382 ἡδονὴν
1304 3313 1355 3380 τήν
1375 3314 1424 3366 τοῦ

300 3415 420 3479 κόλακος
444 3413 502 3470 εἶπε
525 3411 567 3469 διὰ
590 3413 619 3469 τὸ
642 3412 716 3477 ὅπως
740 3413 805 3469 ποτέ
829 3412 978 3488 βούλεσθαι
1001 3410 1081 3467 αῦτδν
1106 3410 1358 3489 συναρμόζεσδαι...
1385 3442 1426 3451 -

302 3511 407 3584 Ἐπειδὴ
432 3510 460 3568 δὲ
485 3511 570 3568 εἶπεν·
595 3508 697 3582 ἥλικα
719 3512 778 3590 γαρ
802 3513 857 3567 καὶ
880 3512 894 3566 δ
918 3510 1062 3574 παλαιὸς
1088 3509 1190 3587 λόγος
1213 3507 1344 3585 τέρπειν
1371 3506 1425 3561 τὸν

241 3621 272 3671 30
303 3610 420 3683 ἥλικα,
442 3612 582 3682 ζητήσειεν
602 3607 632 3664 ἀν
649 3631 688 3673 τις
706 3608 841 3686 εὐλόγως·
863 3633 877 3662 ι(
893 3606 919 3663 τί
935 3606 995 3680 οῦν;
1016 3607 1064 3664 οῦκ
1080 3606 1111 3663 ἀν
1130 3608 1254 3678 μαθητὴς
1271 3601 1427 3676 διδασκάλῳ

336 3876 366 3927 17
383 3873 468 3938 ἐπειδὴ
481 3901 513 3910 -
526 3873 557 3924 27
571 3874 749 3936 ἐπιπέμποντες
765 3870 822 3933 iam
836 3869 908 3920 edid.
926 3869 987 3918 Vm
1005 3868 1100 3919 Οοιιιιο
1117 3867 1153 3917 ad
1171 3866 1273 3930 Porph.
1289 3864 1323 3915 de
1342 3871 1430 3914 antro

307 3946 430 4070 ιθιριιρρίγ,4
437 3961 463 4011 p.
478 3946 509 3995 94
523 3958 558 3995 ex
574 3944 605 3995 P.
669 3945 700 3995 22
716 3946 803 4009 δέλεαρ
815 3941 851 3992 εί.
867 3939 951 4006 Soph.
964 3939 1059 4000 222&
1079 3939 1150 3989 Tim.
1166 3938 1237 3988 691)
1301 3936 1429 3986 292400

341 4157 388 4207 Nc
408 4159 423 4206 5
442 4158 503 4217 ἔστι,
522 4154 630 4219 ἔπαυε.
651 4155 674 4202 Α
738 4150 754 4200 8
774 4150 862 4213 κόλαξ]
886 4148 966 4217 κάραί
989 4149 1016 4198 Μ
1039 4147 1106 4210 (iam
1125 4150 1280 4196 correxerat
1300 4145 1366 4201 Αετ)

308 4230 324 4279 9
341 4231 384 4280 καὶ
403 4234 466 4278 ante
483 4230 625 4284 ἐξαπατῶσι
641 4237 698 4273 om.
716 4223 743 4272 M
811 4222 840 4271 10
859 4218 1017 4288 προδιδόασι]
1037 4219 1204 4285 προσδιδόασι
1225 4218 1252 4265 Μ
1320 4212 1349 4262 13
1363 4216 1431 4278 ὁρῶν

310 4306 323 4351 ὁ
337 4300 401 4365 νέος]
417 4304 430 4351 ό
444 4301 499 4357 νίος
514 4303 579 4365 δρῶν
594 4296 621 4345 Μ
687 4295 744 4361 δ’ψιν
757 4296 925 4362 πρεσδυτέραν
939 4291 1010 4340 Plan.
1024 4289 1105 4343 2401)
1169 4289 1199 4337 14
1217 4289 1389 4348 ἀπεσληκυῖαν
1402 4283 1429 4331 Μ

372 4372 403 4420 16
420 4374 487 4436 μίζαι
507 4369 569 4420 libri
632 4366 664 4416 18
678 4363 914 4432 ῦπερδαιμόνιονΡ
977 4362 1008 4412 20
1026 4359 1172 4427 κατέχειί)
1236 4358 1264 4408 21
1281 4353 1433 4412 σπουδάζων

311 4448 390 4493 Αετῑ
408 4441 541 4501 σπουδάζει
561 4438 646 4488 A=DE
665 4453 670 4487 :
688 4436 836 4494 σπουδάζειν
856 4435 908 4484 ΒΜ
974 4429 1177 4496 ήάιιολασίαΡ
1242 4429 1273 4478 22
1297 4429 1381 4483 δέλτοις
1403 4425 1431 4474 Μ

374 4510 567 4580 ἀναμιγνύονΡ
631 4511 661 4559 23
678 4511 871 4575 ύπερδεδηκότες
886 4510 923 4555 A·
987 4505 1017 4554 25
1031 4505 1183 4570 τελειοτέραν
1199 4503 1237 4550 Α·
1288 4498 1319 4548 26
1334 4499 1436 4562 ίὶευρτ-

312 4589 419 4646 νίζεσθαι
433 4590 471 4635 A·
536 4586 652 4646 δαίμονες
667 4584 722 4631 οί...
737 4583 918 4642 έπιπέμπονσιν
938 4578 976 4626 A·
1037 4575 1069 4624 28
1091 4572 1229 4623 sententia
1250 4569 1357 4620 videtur
1371 4579 1436 4616 esse

315 4670 412 4708 mane&
