3150 5504
240 446 271 495 50
624 428 983 504 ΕΡιιΕιοιέυιιοΣουοι·

156 598 206 664 [84]
239 593 285 649 καὶ

638 692 743 768 αίμόλα
761 692 947 753 κωτίλλουσα.

240 877 279 887 ·-
295 843 332 898 Τά
351 841 379 899 δέ
398 842 464 900 αὐτὰ
481 843 613 922 πρόσωπα
627 845 660 899 τά
679 842 722 900 ἐπὶ
740 849 787 901 τοῦ
807 844 906 902 Λυσίου
927 844 1010 922 λόγου
1028 845 1074 901 καί
1094 843 1207 901 ένταυθά
1221 843 1301 901 ἐστιν·
1318 846 1362 900 καίΙ

239 940 291 1019 γάρ
307 942 321 996 ό
337 941 481 1020 Σωκράτης
496 941 625 1018 βούλεται
640 942 726 999 εἰπεῖν
738 942 775 1007 ὡς
785 942 927 1023 χαριστέον
942 945 980 1017 μὴ
995 942 1090 1021 ἐρῶντι
1104 943 1212 1017 μᾶλλον
1223 942 1241 1013 ί]
1254 942 1359 1022 έρὼντι·

193 1043 207 1092 5
240 1036 304 1094 ἀλλ’
319 1038 372 1119 οὐχ
386 1039 501 1113 όμοίαὴ
519 1037 646 1105 διάθεσις·
664 1042 678 1096 ό
695 1041 743 1115 μέν
762 1043 813 1120 γὰρ
833 1041 933 1104 Λυσίας
954 1040 1021 1120 ἐρῶν
1038 1044 1084 1098 τόν
1104 1041 1255 1099 ἀκόλαστον
1274 1036 1361 1121 έρωτα

239 1135 320 1216 ἔλεγε
338 1140 376 1212 μή
393 1136 448 1194 δεῖν
463 1139 625 1219 χαρίζεσθαι
638 1145 697 1202 τοῖς
718 1137 814 1204 ἀλλοις
830 1139 955 1218 ἐρασταῖς
971 1141 1062 1197 όποῖοί
1075 1139 1135 1197 ποτ’
1150 1139 1181 1196 ἀν
1196 1140 1271 1212 ὦσιν,
1288 1140 1361 1198 ἀλλά

238 1242 278 1311 τῷ
295 1238 332 1311 μὴ
349 1235 454 1316 ἐρῶντι,
471 1237 606 1294 τουτέστιν
622 1238 694 1313 αότῖμ
714 1244 753 1311 τῷ
772 1237 917 1312 ἀκολσίστιμ
937 1238 1046 1317 ἐραστῇ·
1068 1241 1082 1295 ὁ
1103 1238 1131 1296 δέ
1149 1239 1296 1319 Σωκράτης
1315 1240 1361 1295 τόν

239 1335 381 1414 ἀναγωγὸν
399 1336 445 1391 καί
465 1337 597 1393 σωστικὸν
616 1332 702 1416 ἐ’ρωτα
722 1336 789 1415 ἐρῶν
806 1342 852 1394 τοῦ
870 1336 990 1416 Φαίδρου
1006 1337 1061 1417 ἐρεῖ
1077 1340 1115 1412 μή
1133 1336 1188 1395 δεῖν
1201 1337 1363 1419 χαρίζεσθαι

239 1441 297 1497 τοῖς
319 1434 481 1499 ἀκολάστοις
502 1434 624 1514 ἐρασταῖς
644 1436 688 1491 καὶ
709 1432 785 1515 ίίόρει
811 1434 991 1513 βουλομένοις
1014 1434 1207 1515 προσομιλεῖν,
1230 1434 1303 1492 ἀλλά
1322 1443 1362 1511 τῖρ

176 1531 207 1583 10
239 1533 355 1613 σώφρονι
373 1533 470 1612 ἐραστῇ
491 1535 536 1589 καί
560 1536 597 1609 μὴ
621 1533 716 1612 ἐρῶντι
737 1535 784 1592 τόν
805 1534 956 1592 ἀκόλαστον
977 1530 1074 1613 ἔρωτα.
1096 1533 1186 1591 Ἔστιν
1207 1533 1253 1591 οὗν
1275 1534 1302 1591 έν
1321 1541 1361 1610 τῷ
1430 1540 1433 1547 ’

240 1630 317 1710 λόγῳ
331 1633 482 1711 κατηγορία
498 1633 547 1706 μὲν
561 1633 630 1689 κατόι
645 1638 691 1688 του
707 1630 859 1689 ἀκολάστου
875 1628 983 1713 ἔρωτος,
1002 1630 1109 1698 ἔπαινος
1123 1631 1210 1690 δὲκαὶ
1224 1632 1362 1712 ἐγκώμιον

238 1735 285 1786 τοῦ
305 1729 441 1810 σώφρονος
461 1732 506 1788 καί
524 1730 640 1805 κοσμίου
660 1726 761 1808 ἔρωτος
780 1736 827 1786 τοῦ
846 1737 937 1788 πᾶσαν
947 1734 998 1802 τὴν
1015 1733 1107 1812 ψυχὴν
1126 1737 1363 1806 κατακοσμοῦντος

239 1830 283 1884 καὶ
303 1835 391 1885 πᾶσαν
413 1831 464 1899 τὴν
488 1830 560 1900 ζωὴν
585 1834 633 1886 του
659 1829 800 1909 ἀνθρώπου
826 1827 955 1887 είίτακτον
981 1831 1026 1886 καί
1050 1832 1152 1905 σεμνὴν
1176 1831 1221 1887 καῖ
1243 1831 1362 1906 κοσμίαν

238 1932 394 1989 ποιοῦντος.

176 2085 207 2136 15
279 2085 313 2141 ν’.
339 2081 395 2139 Ἦν
419 2083 503 2140 οὕτω
527 2081 564 2152 δι]
589 2085 761 2160 <παῖς>]
786 2085 843 2142 237
868 2081 905 2141 B.

278 2229 329 2285 Τὸν
345 2227 464 2309 Φαῖδρον
481 2228 557 2308 λέγει
570 2231 617 2286 τὸν
632 2230 776 2308 ἀνάγεσθαι
793 2229 941 2306 μέλλοντα.

278 2370 331 2431 να’,
360 2373 439 2451 Περὶ
463 2374 575 2437 παντὸς
598 2371 620 2428 ὦ
642 2380 698 2430 παῖ
724 2373 783 2448 μία
807 2374 906 2456 ἀρχή]
932 2375 989 2433 237
1015 2373 1051 2432 Β.

280 2512 334 2590 Πρὸ
349 2517 398 2569 τοῦ
414 2513 502 2569 εἰπεῖν
516 2513 598 2568 ποῖόν
616 2510 642 2568 τί
656 2512 726 2569 ἐστιν
742 2511 920 2576 ὁάκόλαστος
936 2509 1015 2590 έρως,
1034 2512 1074 2568 ὅτι
1089 2510 1173 2585 ἀηδὴς
1186 2513 1231 2568 καῖ
1251 2511 1362 2592 αἰσχρός

243 2610 287 2666 καί
303 2607 440 2690 βλαόερδς
453 2610 498 2666 καί
513 2616 547 2686 τῇ
563 2614 640 2691 ψυχῇ
654 2611 700 2667 καί
715 2617 753 2684 τῷ
769 2610 875 2685 σώματι
889 2612 933 2667 καί
948 2618 1008 2674 τοῖς
1025 2610 1111 2684 ἐκτὸς,
1127 2616 1236 2689 πρῶτον
1249 2610 1275 2667 τί
1291 2611 1362 2667 ἐστιν

179 2709 211 2760 2⁰
242 2710 373 2789 όρίζεταν
389 2711 440 2790 πρὸ
456 2709 507 2788 γάρ
522 2714 569 2766 τοῦ
584 2709 665 2765 ποῖόν
679 2708 705 2764 τί
721 2708 776 2766 ἐστι
789 2710 819 2765 τὸ
834 2708 859 2765 τί
875 2708 929 2766 ἐστι
947 2710 1088 2781 ζητητέον.
1106 2717 1152 2767 Δεῖ
1172 2708 1219 2765 οὖν
1231 2709 1363 2790 πρότερον

242 2808 380 2887 ὁρίσασθαι
399 2810 429 2864 τὸ
448 2814 563 2885 πρᾶγμα
581 2808 644 2885 περί
663 2807 694 2862 οὔ
713 2828 750 2870 τις
766 2804 865 2881 μέλλει
882 2804 1065 2884 διαλέγεσθαι,
1082 2806 1233 2870 είθόότως
1249 2807 1362 2863 ἀπὸτοῦ

149 2920 173 2969 p·
189 2907 220 2957 85
240 2908 353 2986 όρισμοό
374 2903 525 2981 λαμόάνειν
544 2907 591 2968 τὰς
612 2900 773 2976 ἀποδείξεις,
794 2906 883 2984 ὥσπερ
902 2903 934 2976 δι]
952 2906 998 2961 καί
1017 2907 1069 2985 πρὸ
1089 2911 1136 2962 τοῦ
1156 2908 1270 2986 ὁρισμοῦ
1289 2905 1294 2984 Ι
1312 2907 1362 2976 τήν

241 3003 405 3085 διαιρετικήν
431 3002 545 3079 μέθοδον
570 3002 612 3060 δεῖ
637 3000 760 3082 θεωρεῖν
784 3001 810 3069 ἐξ
833 3008 864 3075 ἧς
888 3004 1058 3083 ἀνιχνεόεταί
1081 3005 1095 3061 ό
1117 3005 1241 3083 ὁρισμός.
1264 3004 1294 3060 Et
1315 3002 1363 3061 οὗν

242 3102 341 3178 μέλλει
359 3125 398 3167 τις
416 3104 569 3182 προτιθέναι
584 3100 725 3181 ἀνθρωπον
739 3101 835 3170 ‘imo-J,
853 3100 895 3159 δεῖ
910 3101 1042 3182 πρότερον
1057 3101 1198 3182 ἀρέσασθαι
1210 3102 1237 3158 τί
1257 3100 1363 3181 ἀνθρω-

175 3200 207 3250 25
238 3224 287 3267 πος
300 3204 345 3259 καί
359 3201 386 3258 τί
403 3201 497 3273 ίππος,
516 3200 566 3258 εἶθ’
581 3201 668 3263 οὕτως
687 3200 729 3255 ἐπὶ
748 3200 799 3269 τήν
817 3200 954 3279 σύγκρισιν
968 3201 1012 3256 καί
1028 3202 1078 3271 τὴν
1093 3200 1226 3279 ἀπόφασιν
1241 3199 1319 3256 ίέναι·
1336 3199 1363 3254 οί

240 3298 269 3357 δὲ
286 3299 388 3358 πολλοὶ
406 3301 467 3378 πρὶν
486 3299 626 3378 ὁρίσασθαι
645 3300 693 3363 ταῖς
715 3298 803 3363 οὐσίας
821 3304 876 3354 τῶν
895 3298 1061 3376 πραγμάτων
1077 3300 1122 3355 καί
1139 3296 1237 3355 εἰδέναι
1249 3296 1363 3355 έκαστον

240 3399 328 3455 αὐτῶν
343 3399 367 3455 τί
382 3398 462 3468 ἐστιν,
481 3397 558 3460 εὐθὺς
579 3396 621 3453 ἐπὶ
639 3397 669 3453 τὸ
690 3396 882 3476 ἀποφαίνεσθαι
899 3397 1033 3474 περὶτῶν
1052 3397 1222 3475 πραγμάτων
1239 3394 1364 3476 ἔρχονται

238 3499 282 3552 καῖ
296 3497 464 3576 προτίθενται
476 3493 537 3553 τόδε
552 3493 641 3552 τοῦδε·
658 3494 756 3551 διὸκαὶ
770 3493 954 3575 διαμάχονται
968 3497 1033 3574 πρὸς
1048 3494 1166 3559 έαυτοός.
1181 3494 1216 3550 Τό
1231 3492 1259 3550 δὲ
1274 3492 1364 3549 αίτιον

239 3601 286 3651 τοῦ
302 3596 419 3675 πάσχειν
435 3601 514 3652 τοῦτο
529 3594 590 3658 τοὺς
607 3594 762 3672 ἀνθρώπους
779 3594 809 3649 τὸ
824 3592 883 3649 κατ’
896 3593 986 3649 οὐσίαν
1002 3591 1196 3672 προειληφέναι
1208 3595 1257 3663 τὴν
1270 3594 1363 3672 ψυχὴν

177 3689 207 3736 3⁰
238 3700 292 3749 τῶν
314 3692 395 3750 εἰδῖυν
414 3693 477 3756 τοὺς
498 3692 608 3771 λόγους,
628 3695 673 3748 καὶ
692 3690 764 3772 ἔχειν
785 3691 887 3756 ἑννοίας
907 3692 995 3748 αὐτῶν
1015 3689 1041 3757 ἐξ
1062 3690 1149 3748 ἀιδίου
1163 3692 1236 3770 παρὰ
1250 3695 1297 3747 τοῦ
1314 3688 1363 3761 δη-

240 3798 383 3870 μιουργοῦ·
400 3793 447 3847 ἅτε
461 3789 508 3847 οὗν
523 3790 581 3847 κατ’
597 3791 688 3847 οὐσίαν
704 3793 753 3865 μὲν
768 3788 880 3871 ἔχοντες
896 3792 1003 3847 πάντων
1019 3790 1082 3853 τοὺς
1104 3788 1215 3868 λόγους,
1238 3789 1276 3864 μὴ
1297 3810 1363 3868 προ·

268 4033 284 4083 ο
302 4034 371 4084 rins.
389 4033 436 4097 ορ.
452 4032 499 4082 372
562 4031 593 4104 ια
608 4006 829 4095 mmm-m
846 4031 882 4081 or.
899 4031 940 4093 ιν,
955 4029 983 4079 ιι

270 4168 317 4218 Nc
333 4168 348 4218 2
364 4171 507 4218 κωτιλυυσσ
523 4167 545 4216 Β
610 4167 624 4214 3
639 4169 681 4216 καὶ
695 4171 759 4215 ante
773 4167 878 4215 ἐνταῦθα
892 4162 1003 4214 evanid.
1020 4164 1048 4212 in
1065 4167 1098 4219 Α,
1114 4171 1176 4228 post
1190 4167 1293 4216 ἐνταῦθα
1310 4164 1360 4213 ad·

236 4239 332 4289 didita
396 4239 410 4288 ί
426 4240 474 4306 γάρ
487 4252 541 4287 om.
559 4238 586 4287 M
651 4235 682 4286 12
698 4233 793 4303 ψυχὴν]
809 4234 919 4303 ψυχικὴν
935 4238 971 4284 Αθ
985 4236 1041 4298 μοι]
1055 4235 1151 4286 litteris
1167 4255 1190 4285 ιιι
1205 4236 1280 4286 linea
1293 4236 1361 4286 sub·

236 4312 327 4366 ducta)
392 4312 421 4360 15
438 4309 467 4374 ἦν
489 4309 562 4360 rubr.
584 4313 606 4357 Α
673 4308 702 4356 17
721 4309 785 4373 περὶ,
807 4326 825 4356 π
844 4307 918 4355 rubr.
939 4311 962 4356 Α
1026 4307 1058 4355 20
1072 4311 1206 4373 ὁρίζεται...
1224 4308 1252 4358 τὸ
1271 4311 1294 4358 τί
1311 4311 1362 4358 ἐστι

236 4395 291 4432 om.
311 4382 365 4432 ΒΜ
429 4382 460 4431 22
475 4378 593 4447 ὁρισμοῦ]
608 4382 741 4446 διορισμοῦ
755 4385 870 4441 utraque
882 4378 909 4426 M
975 4377 1006 4426 23
1021 4378 1182 4444 διαιρετικὴν]
1195 4379 1220 4430 δέ
1236 4375 1362 4446 αἰρετικὴν

238 4454 265 4503 Μ
330 4453 360 4502 24
379 4453 529 4519 προτιθέναι]
555 4453 713 4518 προστιθέναι
734 4450 761 4498 Μ
827 4447 916 4512 ἵππου]
938 4448 1015 4499 ἵππον
1038 4450 1065 4498 M
1131 4447 1162 4498 27
1180 4452 1235 4516 περὶ
1255 4462 1308 4499 om.
1330 4445 1359 4495 M

236 4526 301 4589 {jam
317 4532 474 4575 eorrexerat
492 4525 558 4584 Λετ]
622 4522 654 4572 28
670 4524 823 4588 προτίθενται
838 4519 958 4583 scripsi:
979 4524 1118 4587 προτιθέναι
1136 4521 1199 4571 libri
1262 4520 1293 4569 29
1307 4517 1362 4583 τοῦ]

236 4599 263 4648 τό
281 4596 309 4645 Μ
327 4595 393 4658 (jam
408 4601 563 4646 correxerat
577 4595 646 4656 Αετ]
