3150 5504
300 475 332 525 90
680 463 821 514 ΕΡΜΕΙΟΥ
842 463 1040 513 ΦΙδΟΣΟΦΟΥ

203 625 268 692 [106]
300 624 318 691 6
336 618 363 677 δέ
380 619 507 700 Ἐρωτικὴ
529 620 624 678 λοιπῶν
641 621 788 695 ἡνωμένην
805 618 998 701 παραλαθοῦσα
1016 625 1066 695 τήν
1085 627 1176 705 ψυχὴν
1189 630 1270 682 τοῦτο
1285 625 1316 681 τὸ
1329 625 1358 682 ’ὲν
1371 634 1420 696 τῆς

299 722 390 799 ψυχῆς
411 727 472 783 τοῖς
490 726 567 784 Βεοῖς
587 721 632 776 καὶ
650 725 689 793 τῷ
711 726 801 793 νοητῷ
819 718 911 777 κάλλει
930 721 1065 780 συνάπτει.
1083 721 1210 800 (Ορῶνται
1228 723 1277 796 μὲν
1297 722 1344 780 οῦν
1358 723 1421 803 ὅπερ

300 814 414 892 ε’ύπομεν
427 818 454 874 ἐν
470 818 567 894 ἑκάστη
583 818 628 873 καὶ
644 820 671 873 αἱ
686 817 788 889 λοιπαὶ,
805 817 876 875 ἀλλά
889 819 956 874 κατὰ
970 820 1000 875 τὸ
1016 819 1175 899 ἐπικρατοῦν
1189 820 1287 892 ἑκάστη
1305 821 1420 899 λέγεται·

298 922 378 996 τριῶν
400 916 451 995 γάρ
475 914 560 972 ’όντων
583 916 685 973 τούτων
710 916 796 972 αῦτῶν
816 922 871 972 τῶν
895 922 969 974 θεῶν
992 924 1046 975 τῶν
1069 917 1195 976 διδόντων
1218 922 1346 992 <καῖ>
1368 927 1422 977 τῶν

253 1021 268 1069 5
300 1014 399 1074 δόσεων
423 1015 512 1071 αῦτῶν
536 1016 582 1071 καὶ
608 1020 720 1095 τριττῶν
746 1020 800 1071 τῶν
831 1011 1106 1091 μεταλαμόανόντων,
1135 1016 1227 1090 ἐπειδὴ
1253 1021 1286 1075 τά
1317 1017 1423 1076 διδόντα

293 1113 403 1184 ’ἥνωται
417 1111 477 1169 καθ’
494 1109 648 1192 ὑπερόολὴν
662 1115 707 1169 καλΙ
724 1113 751 1169 έν
767 1112 892 1185 ἀλλήλοις
912 1114 980 1186 ἐστὶ,
1000 1114 1043 1171 διά
1059 1122 1139 1174 τοῦτο
1158 1119 1202 1173 καὶ
1222 1120 1248 1174 αἰ
1267 1116 1353 1183 δόσεις
1375 1140 1422 1192 με·

299 1213 409 1292 τέχουσι
426 1213 471 1268 καὶ
488 1217 663 1269 κοινωνοῦσιν
682 1210 830 1283 ἀλλήλων,
843 1214 888 1269 καὶ
906 1215 936 1269 τό
961 1213 1166 1295 ὑποδεχόμενον
1186 1216 1202 1271 6'
1220 1216 1291 1272 ἐστιν
1309 1220 1327 1287 6
1347 1219 1421 1297 ψυχὴ

299 1310 365 1387 πρὸς
383 1310 470 1372 πάσας
491 1309 648 1381 ἐπιτηδείως
664 1305 723 1389 έχει
739 1311 787 1374 τάς
806 1309 902 1375 δόσεις.
920 1307 1021 1377 Λάόοις
1035 1311 1057 1368 δ’
1073 1312 1103 1369 ἀν
1116 1315 1161 1370 καὶ
1178 1313 1263 1380 άλλως
1278 1315 1307 1371 ἐκ
1324 1313 1424 1395 διαιρέ-

301 1433 370 1475 σεως
391 1411 438 1473 τάς
455 1409 585 1488 τέσσαρας
607 1408 715 1483 μανίας·
738 1408 795 1465 ἐπεὶ
814 1411 865 1488 γάρ
880 1413 909 1480 6
917 1409 1016 1483 όλότης
1030 1417 1143 1492 τριχῶς,
1160 1412 1177 1482 6
1194 1414 1233 1476 ὡς
1251 1413 1278 1470 ἐν
1292 1420 1332 1488 τῷ
1349 1413 1424 1493 μέρει

240 1511 269 1560 1Ο
301 1510 318 1580 ά,
335 1510 374 1573 ὡς
390 1508 420 1564 έκ
433 1513 487 1564 τῶν
507 1513 597 1585 μερῶν
614 1507 632 1577 6
648 1508 686 1571 ῶς
706 1508 757 1586 πρὸ
774 1513 863 1586 μερῶν
878 1506 946 1586 (ἔστι
961 1510 1013 1588 γάρ
1030 1515 1148 1590 μερικῶς
1163 1511 1193 1566 τό
1210 1511 1287 1583 ὅλον,
1306 1512 1395 1591 ῶσπερ
1410 1514 1424 1568 6

300 1605 440 1685 ἄνθρωπος
465 1606 560 1683 μικρὸς
582 1605 687 1679 κόσμος
709 1603 817 1683 λέγεται
838 1607 918 1684 μέρος
939 1606 978 1663 όιν
999 1615 1048 1664 τοῦ
1069 1608 1185 1682 κόσμου,
1208 1611 1253 1666 καὶ
1276 1612 1290 1665 6
1313 1611 1424 1689 μερικδς

300 1712 363 1770 νοῦς
381 1706 469 1761 πάντα
488 1700 546 1785 ἐ’χει
565 1702 598 1759 τά
620 1702 682 1776 εἷ’δη
704 1703 753 1760 ὅσα
772 1706 785 1760 6
805 1703 969 1769 παντέλειος·
991 1702 1047 1762 έστι
1066 1706 1094 1763 δὲ
1112 1708 1201 1763 καὶτὸ
1217 1707 1245 1764 ἐκ
1261 1714 1316 1764 τῶν
1333 1714 1424 1785 μερῶν

301 1804 379 1874 ὅλον,
401 1804 490 1882 ὥσπερ
512 1805 526 1859 6
543 1801 645 1878 κόσμος
664 1805 678 1859 ό
697 1804 822 1874 αἰσθητός
841 1803 871 1860 ἐκ
889 1804 997 1860 πάντων
1018 1805 1072 1861 έστὶ
1085 1811 1139 1861 τῶν
1155 1812 1246 1885 μερῶν
1261 1806 1353 1863 αὐτοῦ·
1370 1802 1425 1863 έστι

301 1901 373 1959 δἐτὸ
389 1901 451 1959 ὀλον
466 1903 496 1958 τὸ
513 1903 564 1981 πρὸ
580 1906 636 1957 τῶν
654 1907 757 1980 μερῶν,
774 1903 811 1966 ὡς
833 1903 863 1959 τὸ
882 1902 909 1959 ἐν
925 1907 959 1978 τῇ
976 1904 1130 1984 ρύσειῆτῇ
1147 1908 1222 1984 ψυχῇ
1237 1910 1271 1980 τῇ
1288 1904 1425 1981 όληῆτῖμ

238 2002 269 2051 15
302 2007 340 2074 νῷ
361 1998 433 2064 εἶδος
452 2006 501 2057 τοῦ
520 2000 636 2074 κόσμου,
656 2002 701 2056 καὶ
718 2000 745 2056 έν
764 2006 799 2076 τῇ
817 2003 892 2081 ψυχῇ
907 2006 954 2057 τοῦ
971 2000 1097 2081 τεχνίτου
1112 2002 1142 2057 τὸ
1159 1999 1232 2067 εἶδος
1248 2011 1298 2074 τῆς
1311 2002 1422 2080 οἰκίας),

300 2105 347 2156 τοῦ
368 2099 415 2173 μέν
430 2098 496 2156 δ’λου
511 2104 558 2155 τοῦ
577 2099 615 2163 ὡς
635 2099 733 2179 μέρους
751 2098 959 2178 συναρμοστικαέ
974 2099 1039 2156 εἰσιν
1055 2101 1081 2156 αἱ
1097 2106 1199 2157 Μοῦσαι
1213 2103 1257 2157 καὶ
1273 2104 1290 2171 6
1309 2105 1423 2176 μουσικὴ

295 2196 396 2271 μανία,
419 2203 466 2253 τοῦ
488 2196 512 2253 δ’
534 2197 601 2254 δ’λου
620 2202 667 2254 τοῦ
689 2197 794 2253 ἐκτῶν
815 2199 938 2276 μερῶνό
959 2198 1085 2262 Διόνυσος
1104 2200 1184 2269 καὶὴ
1206 2198 1355 2274 τελεστικὴ,
1376 2206 1424 2256 τοῦ

197 2296 282 2362 11107
302 2294 325 2351 δ’
341 2295 408 2353 όλου
422 2301 470 2352 τοῦ
490 2297 539 2376 πρὸ
554 2302 608 2352 τῶν
624 2302 714 2376 μερῶν
734 2299 748 2351 6
770 2294 910 2352 Ἀπόλλων
926 2298 972 2352 καὶ
990 2300 1007 2367 6
1028 2300 1155 2370 μαντική·
1177 2298 1180 2376 6
1200 2300 1213 2354 6
1232 2297 1260 2353 δὲ
1276 2298 1362 2376 Ἕριος
1381 2298 1423 2354 ἐπὶ

301 2401 364 2451 πᾶσι
379 2400 458 2452 τοῦτο
473 2396 503 2451 τὸ
515 2397 543 2452 ἓν
558 2404 606 2466 τῆς
623 2401 716 2475 ψυχῆς
731 2397 776 2451 καὶ
797 2395 880 2466 αὐτὴν
894 2398 944 2466 την
961 2399 1051 2475 ψυχὴν
1065 2402 1122 2460 τοῖς
1140 2403 1220 2461 θεοῖς
1239 2395 1362 2476 ένιδρύει,
1378 2397 1423 2452 καὶ

239 2492 270 2542 20
300 2498 380 2548 τοῦτο
401 2491 469 2549 ἔστιν
491 2489 569 2572 ἔργον
590 2503 640 2564 τῆς
663 2493 803 2571 ἐρωτικῆς,
826 2493 939 2568 συνάψαι
959 2496 1009 2565 την
1031 2497 1121 2574 ψυχὴν
1141 2500 1199 2558 τοῖς
1222 2501 1299 2558 ,τεοῖς
1321 2496 1424 2568 καὶτῷ

301 2591 425 2671 ἀρράατῳ
441 2591 528 2647 αύτῶν
543 2589 649 2650 κάλλει.
667 2585 767 2654 Λάθοις
781 2588 804 2646 δ’
821 2590 852 2646 ἀν
866 2592 911 2647 καὶ
926 2591 955 2647 ἐκ
969 2597 1024 2647 τῶν
1037 2593 1157 2672 ἀριθμῶν
1172 2592 1262 2648 αύτῶν
1276 2595 1326 2663 τὴν
1340 2585 1422 2656 τάξιν·

300 2691 348 2761 την
368 2691 417 2764 μέν
437 2690 486 2769 γάρ
510 2689 612 2764 μονάδα
631 2688 782 2746 Ἀπόλλωνι
800 2690 934 2768 ἀνιεροῦσι
953 2687 996 2746 διά
1016 2692 1045 2746 τό
1066 2692 1165 2747 ένιαὶον
1185 2713 1266 2748 αυτοῦ
1286 2713 1336 2762 της
1356 2712 1423 2769 ενερ-

301 2789 392 2864 γείας,
409 2790 448 2853 ὡς
463 2790 539 2858 καὶὴ
558 2788 642 2863 μονάς
660 2787 767 2852 δνιαέως
784 2788 885 2851 πάντας
905 2785 963 2868 ἐ’χει
978 2788 1040 2853 τοῦς
1056 2789 1194 2868 ἀριθμούς·
1216 2791 1265 2859 τὴν
1286 2786 1314 2845 δέ
1331 2786 1424 2868 τριάδα

300 2893 339 2961 τῷ
359 2887 478 2961 Διονύσῳ
498 2887 536 2950 ὼς
558 2883 676 2958 τελείαν,
700 2887 789 2967 ἀρχὴν
809 2888 853 2942 καὶ
873 2886 942 2961 μέσα
962 2888 1007 2943 καὶ
1026 2886 1102 2952 τέλος
1125 2885 1253 2968 ἔχουσαν,
1275 2887 1366 2967 ὥσπερ
1380 2888 1425 2942 καὶ

238 2984 268 3033 25
302 2986 316 3039 6
340 2985 464 3048 Διόνυσος
488 2984 585 3042 τελέαν
602 2992 672 3042 ποιεῖ
695 2986 745 3055 τὴν
765 2987 867 3064 ψυχήν·
889 2992 951 3049 ταῖς
976 2983 1004 3041 δέ
1030 2986 1149 3050 Μούσαις
1168 2986 1214 3042 τὸν
1245 2985 1329 3057 ἐννέα,
1356 2984 1424 3042 διότι

301 3084 387 3146 πάσας
402 3083 447 3146 τὰς
460 3082 588 3162 ἁρμονίας
602 3084 646 3139 καὶ
658 3083 705 3147 τάς
719 3084 822 3163 σχέσεις
836 3080 893 3163 ’ἔχει
906 3083 934 3139 έν
946 3085 1043 3158 έαυτῷ,
1060 3083 1119 3140 ἐπεὶ
1131 3085 1175 3139 καὶ
1189 3091 1261 3140 πᾶσα
1276 3087 1293 3154 6
1307 3082 1423 3162 πρόοδος

301 3188 355 3238 τῶν
372 3182 495 3260 ἀριθμῶν
512 3182 549 3246 εἰς
563 3181 609 3237 τόν
627 3181 698 3237 ἐννέα
717 3187 869 3260 περαιοῦται
888 3181 940 3261 (διὸ
957 3183 1002 3238 καὶ
1019 3181 1107 3238 ἔννεον
1124 3182 1207 3253 αὐτὴν
1224 3180 1360 3258 ἐκάλουν),
1379 3182 1424 3237 καὶ

195 3279 365 3359 1’421’όρᾷς
385 3280 425 3336 ότι
444 3284 461 3350 6
484 3281 532 3354 μέν
553 3281 636 3354 μονάς
657 3281 695 3343 ὡς
714 3279 808 3357 πρώτη
829 3280 833 3358 Ι
852 3281 897 3336 τὸν
914 3281 976 3359 τρία
996 3280 1096 3338 τέλειον
1115 3286 1197 3351 ποιεῖ,
1220 3283 1234 3336 6
1254 3279 1282 3337 δέ
1301 3281 1363 3359 τρέα
1378 3280 1423 3336 τδν

302 3379 385 3448 ἐννέα,
399 3379 451 3458 πρὸ
466 3377 494 3435 δέ
507 3386 558 3448 τῆς
574 3376 689 3453 μονάδος
703 3373 798 3440 λάθοις
814 3376 846 3433 θν
859 3379 889 3434 τὸ
905 3379 933 3435 ἓν
948 3379 1085 3457 ἀνάλογον
1097 3385 1135 3452 τῖμ
1151 3375 1228 3459 ἔρωτι
1242 3380 1286 3435 καὶ
1300 3378 1422 3457 τάγαθῷ,

240 3478 271 3527 30
303 3478 334 3534 οὗ
348 3477 425 3534 πάντ’
439 3477 551 3557 ἐφίεται·
568 3477 607 3540 εἰς
621 3477 671 3555 γὰρ
684 3477 714 3532 τὸ
729 3477 756 3532 έν
767 3477 797 3532 τὸ
809 3482 864 3532 τῶν
879 3482 952 3534 θεῶν
967 3477 1060 3556 ἀνάγει
1073 3478 1159 3533 πάντα
1172 3480 1186 3533 6
1197 3477 1295 3557 Ἔρως.
1311 3478 1359 3532 Καὶ
1373 3478 1424 3545 τὴν

301 3574 413 3654 τετράδα
437 3574 466 3631 δέ
488 3574 546 3630 κατ’
566 3573 650 3640 ἄλλας
673 3570 803 3639 ἐπιόολάς
824 3580 863 3648 τῷ
887 3577 1005 3649 Διονύσῳ
1026 3576 1176 3633 ἀνατιθέασι
1197 3575 1291 3632 διὰτὸ
1313 3574 1423 3654 πρώτην

302 3673 389 3736 πάσας
409 3668 482 3753 ἔχειν
501 3673 549 3736 τὰς
574 3671 705 3750 ἁρμονίας
726 3671 870 3752 (ἐπίτριτον
889 3663 944 3751 δΪγἾ,
969 3671 1095 3748 ἡμιόλιον
1116 3659 1173 3751 γόῗ,
1196 3670 1266 3753 [τὸν]
1289 3670 1424 3728 διπλάσιον

335 3917 363 3966 11
378 3918 474 3981 λέγεται
491 3926 507 3964 a
520 3914 802 3980 Neo-Pythagoricis:
818 3914 853 3966 ct.
871 3914 935 3964 Vita
951 3915 1073 3981 Ρμιὴαρ.
1089 3916 1117 3966 iu
1133 3916 1223 3968 Ριιοτ.
1237 3915 1298 3967 eod.
1314 3915 1361 3966 249

302 3989 333 4039 27
349 3987 455 4040 ἐκάλουν
471 4000 477 4035 :
493 3985 528 4038 de
542 3987 594 4038 hoc
608 3987 675 4037 nihil
689 3987 787 4037 inveni
1275 3999 1279 4009 ·

335 4123 382 4174 Nc
398 4121 413 4171 1
429 4130 478 4172 τῶν
492 4126 556 4172 ante
570 4124 688 4173 διδόντων
702 4133 757 4170 om.
774 4120 802 4168 M
866 4122 908 4169 καὶ
922 4118 1015 4169 addidi
1077 4121 1091 4170 5
1105 4120 1217 4187 τριττῶν]
1233 4123 1320 4187 τρίτων
1336 4123 1360 4170 Α

301 4192 470 4245 θδόιΙιΜ
533 4193 626 4256 9ἐπεὶ]
640 4191 723 4254 ἐπειδὴ
740 4192 768 4240 Μ
832 4188 862 4240 11
880 4191 976 4255 μικρὸς]
994 4192 1138 4258 μερικδςΜ
1203 4192 1233 4241 15
1250 4194 1292 4241 καὶ
1305 4191 1422 4258 scripsi:

303 4272 337 4325 ὡς
353 4265 416 4316 libri
479 4263 568 4329 οἰκίαςΙ
585 4266 677 4320 οἰκείας
693 4263 721 4311 Μ
741 4262 806 4323 [jam
821 4267 976 4312 correxerat
990 4265 1055 4323 Αετ)
1120 4263 1150 4313 19
1167 4259 1284 4329 ἐνιδρύει]
1300 4260 1423 4330 ἐνεδρεύοι

303 4338 330 4386 Μ
348 4337 664 4398 ιὶοιτιαοιτοιοισιΑετ)
728 4332 975 4399 231χειπάντατΜ
1042 4334 1071 4384 25
1088 4337 1182 4385 τελείαν
1199 4335 1226 4383 Μ
1291 4335 1322 4384 26
1342 4338 1423 4401 ἁρμο-

303 4408 366 4474 νίας]
381 4412 505 4475 ἐνεργείας
517 4409 545 4457 Μ
609 4406 640 4455 27
655 4405 747 4468 ἐ’ννεον]
760 4405 842 4455 έννεδν
858 4403 886 4451 Μ
902 4416 908 4451 2
924 4404 990 4465 quid
1004 4405 1038 4454 sit
1053 4407 1146 4455 nescio
1209 4404 1296 4471 αὐτὴν]
1307 4406 1382 4457 αῦτδν
1394 4405 1422 4454 Μ

365 4480 396 4529 28
412 4481 454 4530 τὸν
470 4483 525 4546 τριά
539 4475 642 4541 τέλειον]
656 4475 700 4539 τὴν
714 4475 801 4542 τριάδα
815 4478 909 4525 τελείαν
927 4475 957 4524 Μ
1022 4480 1035 4526 δ
1053 4477 1079 4527 δὲ
1093 4476 1158 4543 τρία]
1173 4480 1189 4540 6
1204 4478 1230 4529 δὲ
1243 4478 1312 4544 τριάς
1330 4479 1358 4527 Μ

303 4551 334 4600 29
351 4549 463 4617 τάγαθῷ]
484 4553 569 4617 ἀγαθῷ
587 4549 615 4598 Μ
681 4549 710 4609 31
729 4545 772 4610 τὴν
791 4544 905 4612 τετράδα]
922 4545 965 4609 τήν
981 4565 1007 4597 τε
1024 4548 1114 4614 τριάδα
1138 4548 1189 4598 M:
1209 4549 1253 4611 τήν
1274 4567 1300 4598 τε
1318 4548 1423 4615 τετράδα

303 4625 363 4672 AST
426 4621 456 4671 32
471 4627 498 4671 et
510 4621 575 4683 91,1
592 4621 635 4670 τδν
650 4625 690 4668 ter
705 4617 805 4670 seclusi
869 4615 1010 4682 διπλάσιον]
1025 4620 1173 4669 διπλασίονα
1188 4622 1224 4667 A·
