3164 5512
342 429 388 480 200
723 417 864 468 ΕΡΜΕΙΟΥ
886 416 1082 468 ΦΙΛΟΣΟΦΟΥ

246 584 311 651 [170]
345 577 482 656 ἐρωμένου
497 573 678 648 ἀναμνησθεὶς
691 576 745 629 τῶν
759 576 865 644 νοητῶν
877 571 921 627 καί
938 571 977 635 είς
993 571 1087 628 ἐαυτὸν
1102 571 1248 649 γενόμενος
1263 574 1308 631 καί
1322 578 1462 655 θεωρήσας

332 661 373 732 ’τό
393 674 490 746 ἀληθὲς
509 671 626 744 κάλλος,
648 671 808 751 ὑπερεκχέει
827 692 853 726 τι
872 668 898 735 ἐξ
918 672 957 726 ὧν
976 667 1054 750 ἔσχεν
1072 671 1181 748 ἀγαθῶν
1199 673 1237 737 είς
1251 674 1299 729 τὸν
1314 673 1461 753 ἐρώμενον,

343 775 407 852 ὅπερ
432 768 575 846 δεξόμενος
598 772 613 826 6
638 769 775 849 ἐρώμενος
800 769 852 824 ἀπὸ
876 773 924 825 τοῦ
948 768 1069 847 ἐραστοῦ,
1095 770 1185 851 ὥσπερ
1209 771 1270 827 ἀπὸ
1296 769 1396 830 λείων
1420 776 1462 831 καί

342 870 474 950 λαμπρῶν
488 866 716 942 ἀναπαλλομένου
735 868 780 924 καὶ
795 867 977 946 ἀντηχοῦντος
990 874 1038 924 τοῦ
1053 868 1152 950 ψόφου,
1169 869 1187 939 ’ή
1203 870 1293 949 ὥσπερ
1308 871 1362 927 ἀπὸ
1377 872 1462 946 όμμό-

296 980 310 1025 5
343 993 396 1025 των
419 967 462 1024 διόι
482 970 531 1038 τήν
547 967 711 1040 συμπάθειαν
729 971 778 1022 τοῦ
797 966 888 1045 ἐτέρου
910 963 1035 1040 ὄμματος
1056 966 1314 1042 ἀναπιμπλαμένου,
1336 969 1464 1026 ἀνατείνει

238 1068 327 1117 ¹⁰71V⁰
343 1069 380 1133 είς
398 1067 402 1146 ή
421 1066 515 1122 ἐαυτὸν
529 1065 688 1143 καὶγίνεται
702 1066 716 1120 6
732 1063 867 1143 ἐρώμενος
885 1063 1009 1143 ἐραστής.

385 1219 433 1290 ίς’.
459 1223 524 1303 Οὐχ
547 1218 919 1303 όποσχηματιζομένου]
943 1222 1000 1279 255
1023 1224 1061 1283 Α.

371 1362 467 1422 ’Τοῦτο
485 1365 535 1444 γὰρ
552 1372 674 1422 ποιοῦσιν
689 1365 715 1420 οί
731 1364 805 1420 νόθοι
820 1363 927 1442 ἐρασταί
942 1365 1170 1444 προσποιούμενοι
1183 1369 1229 1424 καί
1244 1370 1464 1449 ὑποσχηματιζό-

346 1485 423 1539 μενοι
437 1462 534 1544 φιλεῖν.
551 1498 590 1507 -
604 1463 664 1519 Καὶ
679 1462 777 1525 αὐτὸς
793 1462 836 1519 ὢν
852 1464 944 1543 φύσει
959 1465 1067 1543 φίλος·
1084 1467 1121 1529 είς
1133 1466 1229 1521 ταυτὸν
1244 1464 1306 1543 ἀ’γει
1317 1469 1366 1538 τήν
1380 1465 1465 1546 φιλίαν

283 1568 313 1617 10
344 1564 448 1619 καὶτὸν
463 1558 561 1641 ἔρωτα
578 1559 670 1630 ἐπειδὴ
688 1558 731 1617 διὰ
746 1559 838 1641 φιλίας
857 1564 902 1617 καί
921 1562 1050 1636 ὁμονοίας
1071 1564 1116 1618 καὶ
1136 1563 1287 1637 συμπνοίας
1305 1568 1322 1635 ή
1341 1565 1464 1643 ἀναγωγὴ

343 1660 444 1739 γίνεται
458 1663 475 1731 ἡ
492 1661 558 1738 πρὸς
575 1659 636 1722 τοὺς
651 1659 747 1722 θεούς.

386 1805 435 1879 ξζ’.
459 1809 530 1866 Ἐόιν
552 1808 612 1889 ἄρα
632 1810 687 1865 καὶ
708 1807 738 1864 ἐν
760 1814 802 1885 τῷ
824 1807 976 1887 πρόσθεν]
1000 1810 1058 1868 255
1081 1809 1118 1867 Α.

384 1955 523 2011 Τουτὲστιν
548 1952 593 2008 ἐὰν
615 1952 633 2028 ή
653 1947 914 2025 διαόεθλημένυς
934 1960 983 2023 τῆς
1009 1952 1147 2017 συνουσίας
1169 1958 1217 2010 τοῦ
1237 1952 1348 2033 ἐραστοῦ
1373 1953 1414 2010 ότι
1436 1953 1465 2009 οὐ

345 2059 504 2125 σωματικῆς
524 2050 635 2131 χάριτος
654 2047 733 2106 ἕνεκα
752 2050 914 2122 ἐπλησίασεν
935 2050 1007 2128 αὐτῷ
1027 2049 1099 2108 ἀλλὰ
1120 2050 1259 2132 ὠφελείας
1281 2056 1387 2132 φυγῆς,
1407 2052 1465 2107 τότε

283 2157 314 2208 15
345 2146 530 2228 παραδίδωσιν
543 2149 636 2206 ἐαυτὸν
648 2150 853 2229 καταφρονήσας
869 2147 982 2213 τῶντὰς
999 2143 1128 2213 διαθολὰς
1144 2147 1286 2226 λεγόντων.

248 2318 326 2382 p,171
387 2297 440 2371 ξη’.
464 2299 637 2378 Προϊόντος
660 2295 691 2353 δὲ
712 2302 768 2354 τοῦ
791 2295 936 2378 χρόΙνου]
959 2298 1017 2356 255
1039 2296 1076 2355 Α.

384 2449 471 2499 Ταῦτα
486 2440 610 2521 ίίντικρός
626 2442 694 2499 ἐστιν
710 2443 726 2498 ἃ
743 2442 818 2498 εἶπεν
834 2441 912 2520 ἐντῷ
928 2438 1132 2518 Ἀλκιθιαίδγγ·
1147 2442 1210 2499 όταν
1224 2441 1252 2499 δέ
1266 2443 1410 2521 προϊόντος
1420 2447 1467 2499 τοῦ

344 2541 443 2621 χρόνου
465 2543 491 2597 οί
515 2541 563 2615 μἐν
585 2546 633 2597 τοῦ
654 2540 779 2615 σώματος
800 2539 915 2619 ἐρῶντες
940 2540 1133 2620 ἀποφοιτώσιν,
1157 2541 1236 2604 αὐτὸς
1259 2539 1287 2599 δέ
1311 2541 1465 2621 παραμένη,

346 2638 431 2711 δῆλον
446 2638 547 2718 γίνεται
564 2644 601 2716 τῷ
616 2638 712 2717 ἐραστῇ
728 2639 769 2694 ότι
784 2638 815 2694 οὐ
831 2645 988 2712 σωματικῆς
1000 2638 1114 2719 χάριτος
1128 2636 1208 2695 ἕνεκα
1221 2640 1388 2718 παραμένει,
1404 2638 1468 2695 ἀλλὰ

283 2748 314 2797 20
345 2743 382 2816 τῷ
402 2737 536 2795 ἀπολόσαι
554 2739 600 2793 τὸν
619 2736 689 2794 νόον·
712 2735 751 2793 διὸ
770 2738 814 2793 καί
835 2738 849 2793 6
868 2736 928 2801 νέος
947 2737 1039 2815 καιρὸν
1060 2733 1156 2793 λοιπὸν
1174 2734 1247 2816 ἔχων
1266 2742 1314 2793 τοῦ
1333 2740 1467 2808 κατήκοος

345 2837 464 2914 γίνεσθαι
482 2835 571 2914 λόγων
589 2837 633 2891 καὶ
655 2833 800 2914 διακρίνειν
821 2835 866 2891 τὸν
887 2837 997 2913 γνήσιον
1019 2834 1144 2913 ἐραστήν,
1165 2834 1204 2897 είς
1225 2834 1341 2910 ὁμιλίαν
1361 2832 1469 2917 ἔρχεται

347 2941 384 3013 τῷ
400 2935 496 3014 ἐραστῇ
512 2936 557 2991 καὶ
572 2932 750 3014 παραδίδωσιν
765 2933 858 2990 ἑαυτὸν
873 2938 910 3010 τῷ
926 2932 1033 3012 ἐραστῇ.

389 3080 437 3152 ξθ’.
461 3087 501 3171 Οὐ
522 3088 580 3166 γὰρ
602 3084 725 3158 δήποτε
748 3085 904 3165 ε’ίμαρται
925 3083 1037 3165 κακόν]
1060 3085 1118 3145 255
1142 3086 1178 3145 Β.

388 3232 423 3287 Οό
444 3234 494 3311 γὰρ
514 3231 614 3312 πέφυκε
635 3231 668 3287 τὰ
689 3232 806 3306 ἀνόμοια
828 3230 1033 3309 συμμίγνυσθαι,
1057 3230 1118 3288 οίίπε
1140 3233 1222 3297 κακός
1244 3232 1359 3312 ἐραστής
1382 3234 1470 3313 ἀγαθῷ

284 3353 314 3403 25
348 3331 477 3410 ἐρωμένῳ
498 3329 558 3386 υότε
578 3330 661 3394 κακὸς
683 3330 817 3408 ἐρώμενος
839 3330 928 3406 ἀγαθῷ
951 3329 1058 3408 ἐραστῇ·
1082 3330 1113 3386 τὸ
1133 3331 1183 3409 γὰρ
1202 3330 1299 3406 ὅμοιον
1320 3338 1358 3411 τῷ
1380 3334 1470 3408 ὁμοίῳ

349 3427 442 3507 φίλον·
467 3425 507 3483 διὸ
527 3425 589 3483 οὐδὲ
608 3430 622 3483 6
639 3429 722 3491 κακὸς
741 3434 777 3504 τῷ
796 3424 872 3504 καλῷ
892 3426 972 3509 φίλος
992 3424 1054 3484 οόδέ
1073 3429 1087 3483 6
1104 3426 1193 3492 δειλός
1214 3435 1254 3503 τῷ
1275 3436 1386 3510 θρασεῖ·
1410 3429 1471 3487 οὕτε

350 3526 406 3598 μὴν
420 3531 456 3603 τῷ
476 3523 600 3604 ἀνδρείῳ,
617 3523 710 3596 ἐπειδὴ
726 3528 743 3596 ή
761 3526 841 3581 κακία
854 3526 978 3604 ἀόριστός
994 3524 1049 3591 ἐστι
1065 3527 1111 3582 καί
1126 3524 1245 3606 ἄπειρος,
1261 3529 1295 3585 τὰ
1310 3526 1339 3605 δὲ
1354 3526 1428 3584 καλὰ
1444 3528 1470 3584 ἐν

350 3623 440 3702 μέτρῳ
457 3624 512 3680 ἐστὶ
527 3625 571 3680 καί
587 3625 690 3704 πέρατι.
708 3658 747 3668 -
765 3608 940 3703 Εἱμαρμένην
955 3622 983 3681 δὲ
999 3624 1074 3703 λέγει
1087 3624 1138 3694 τήν
1154 3627 1216 3705 περὶ
1230 3628 1279 3699 τήν
1293 3626 1468 3700 σωματοειδῆ

350 3723 423 3791 ζωήν
440 3724 484 3778 καὶ
503 3715 584 3787 τάξιν·
603 3725 617 3778 6
633 3719 792 3803 Ἰάμόλιχος
808 3721 837 3779 δέ
854 3726 904 3794 τήν
921 3723 998 3804 φόσιν
1013 3730 1060 3781 τοῦ
1077 3725 1177 3788 παντὸς
1194 3725 1363 3805 εἱμαρμένην
1376 3724 1468 3786 καλεῖ.

379 3916 410 3966 17
427 3915 516 3967 Αίσὶθ.
533 3918 544 3966 Ι
561 3916 605 3967 131
621 3918 645 3967 D
709 3917 740 3968 29
756 3917 791 3966 cf.
807 3917 832 3975 9,
848 3916 878 3966 10

381 4037 442 4088 TIT
457 4038 489 4088 29
505 4041 521 4100 ἠ
535 4034 606 4103 ρόσις
620 4043 665 4091 τοῦ
679 4040 771 4097 παντὸς
786 4042 923 4106 εἱμαρμένη
935 4040 1000 4091 κατὰ
1016 4038 1160 4109 Ἰάμθλιχον
1177 4039 1197 4090 C

382 4151 428 4201 ΝΟ
448 4153 464 4202 2
484 4154 618 4219 όπερεκχεῖ
638 4153 667 4200 Μ
732 4152 746 4200 3
767 4151 829 4219 ὅπερ
849 4152 946 4216 seripsi
966 4166 972 4202 :
996 4152 1060 4221 ἅπερ
1080 4153 1142 4203 libri
1206 4154 1220 4203 7
1237 4154 1295 4221 οὐχ,
1312 4155 1343 4206 οὐ
1356 4156 1433 4205 rubr.
1449 4159 1473 4207 Α

412 4224 590 4290 ὑποσχημένου
604 4223 672 4272 Plat.
686 4223 746 4272 cod.
761 4222 783 4270 Β
800 4224 858 4283 ίίιπὸ
873 4226 1090 4290 σχηματιζομίνου
1102 4223 1175 4285 edd.)
1239 4223 1271 4274 10
1284 4225 1382 4276 καὶτὸν
1392 4226 1473 4292 ἔρωτα

349 4306 404 4343 om.
426 4294 452 4342 M
519 4295 547 4343 11
568 4293 626 4352 τοὺς
644 4305 698 4343 om.
720 4293 747 4342 Μ
813 4293 843 4343 12
862 4294 1081 4355 ἑδιν,ίι·ιιί)Ι·.Α
1146 4295 1176 4344 13
1194 4293 1248 4358 ίόιν]
1263 4298 1289 4346 ἐν
1305 4303 1341 4363 τῷ
1356 4300 1395 4344 Α·
1457 4290 1473 4358 ή

349 4363 445 4427 scripsi
464 4378 471 4413 ἑ
493 4367 535 4415 καί
554 4364 614 4413 libri
678 4363 718 4429 οὐ]
738 4366 796 4431 οὐχί
817 4365 844 4414 Μ
911 4366 940 4414 1⁴
962 4374 1112 4429 σωματικῶς
1130 4366 1163 4415 A*
1227 4372 1270 4428 τῆς
1292 4370 1412 4432 ψυχήςι
1462 4355 1467 4371 ’

350 4436 380 4484 16
396 4439 535 4502 προϊόντος,
553 4454 586 4501 πρ
605 4435 679 4485 rubr.
695 4440 720 4485 A
784 4436 810 4488 δὲ
826 4434 875 4500 ἤδη
892 4436 962 4487 Plat.
1027 4437 1057 4486 18
1073 4438 1162 4504 ἔρωτες
1176 4436 1209 4487 A⁴
1273 4435 1306 4486 20
1320 4434 1369 4505 τῷ]
1382 4441 1427 4488 τοῦ
1443 4438 1471 4487 Μ

411 4508 441 4557 22
462 4509 575 4557 autom.
596 4506 626 4555 M
689 4505 719 4556 23
742 4508 772 4559 οὐ
791 4507 865 4557 rubr.
885 4510 910 4556 Α
974 4508 1004 4558 25
1025 4509 1074 4574 γὰρ
1093 4507 1188 4571 scripsi
1207 4522 1213 4557 :
1233 4506 1259 4558 δὲ
1277 4505 1342 4557 libri
1407 4507 1473 4557 266

349 4585 411 4629 ante
423 4580 501 4637 κακός
513 4591 568 4628 om.
582 4577 611 4626 M
675 4580 752 4637 καλός
764 4583 792 4630 et
802 4587 874 4647 κακῷ
887 4579 920 4628 A·
