3120 5506
329 463 376 513 170
718 457 858 507 ΕΡΜΒΙΟΥ
878 459 1075 509 (θΙλθΣΟΦθΥ

231 624 296 691 1153]
330 615 389 687 ἥτις
412 615 563 680 ούσιοποιός
584 616 649 687 ἐστι,
673 614 843 695 διακρίνουσα
862 618 909 679 τάς
932 616 1020 697 ψυχάς
1039 615 1085 672 ἀπ’
1107 614 1253 690 ἀλλήλων,
1274 617 1318 671 καί
1336 616 1382 680 τάς
1406 619 1449 691 μέν

329 714 467 795 οὐρανίας,
484 715 530 779 τάς
543 713 571 771 δὲ
585 713 737 789 δαιμονίας,
751 714 799 778 τάς
815 712 843 771 δὲ
856 715 1024 793 ἀνθρωπικὰς
1038 721 1165 785 ποιοῦσα,
1182 714 1242 784 ἥτις
1260 715 1297 777 είς
1312 715 1405 771 ταύτόν
1419 721 1449 791 τῇ

328 813 388 870 κατ’
404 813 494 870 ούσίαν
513 812 650 890 ἑτερότητι
671 817 726 868 τῶν
748 816 845 892 ψυχῶν
867 812 1016 893 συντρέχει.
1036 813 1155 891 θειοτέρα
1175 810 1199 868 δ’
1218 812 1273 869 ἐστὶ
1292 813 1377 891 κρίσις
1392 813 1449 884 ἣτις

327 918 364 990 τῷ
380 912 467 969 Μίνωι
481 913 526 967 καὶ
542 909 716 986 Ῥαδαμάνθυι
732 912 776 966 καί
790 917 847 975 τοῖς
860 911 886 967 ἐν
903 910 995 986 ἐκείνῳ
1008 917 1046 989 τῷ
1064 912 1141 985 τόπῳ
1156 909 1294 975 δικασταῖς
1309 917 1365 976 τοῖς
1378 910 1405 968 έν
1418 917 1449 988 τῇ

283 1019 296 1064 5
328 1008 436 1088 τριόδῳ,
460 1009 578 1066 τουτέστι
596 1014 633 1086 τῷ
655 1009 787 1089 ράσματι,
812 1010 939 1082 σύνεστιν,
963 1013 980 1081 η
1001 1009 1173 1088 διακρίνουσα
1191 1010 1239 1072 τίς
1263 1010 1379 1087 καθαράς
1398 1016 1450 1066 τῶν

329 1112 426 1188 ψυχῶν
441 1108 493 1163 ἀπὸ
507 1113 563 1164 τῶν
578 1108 748 1186 ἀκαθάρτων,
765 1109 808 1163 καί
824 1108 871 1171 τὰς
888 1109 937 1182 μὲν
956 1108 993 1172 είς
1018 1107 1140 1186 οὐρανὸν,
1156 1108 1203 1170 τάς
1225 1104 1254 1163 δέ
1273 1106 1320 1170 εἷς
1338 1107 1375 1162 τάι
1395 1109 1450 1163 ὑπό

330 1216 391 1284 γῆν
411 1205 627 1285 δικαιωτήρια
645 1207 789 1281 πέμπουσα
807 1207 1060 1285 καθαρθησομένας,
1082 1206 1142 1285 περὶ
1160 1209 1194 1277 ἧς
1217 1211 1263 1261 νῦν
1286 1202 1448 1283 διαλέγεται.

329 1305 411 1385 Τρίτη
431 1303 458 1361 δέ
478 1304 534 1362 έστι
552 1303 639 1383 κρίσις
659 1307 677 1375 ἡ
696 1303 766 1382 αύτῷ
785 1309 822 1382 τῷ
842 1304 983 1361 Πλούτωνι
1002 1306 1122 1368 καὶτοῖς
1142 1303 1169 1359 έν
1187 1301 1268 1380 ’Ἅιδη
1283 1306 1450 1383 καθαρτικοῖς

330 1409 407 1466 θεοῖς
423 1408 546 1476 συνοῦσα,
561 1402 622 1474 ἥτις
636 1403 813 1484 ἀποκαθαίρει
828 1403 875 1467 τάς
892 1402 921 1459 ἐκ
936 1411 986 1474 τῆς
999 1401 1133 1482 γενέσεως
1149 1400 1265 1473 κηλίδας
1280 1408 1334 1459 τῶν
1348 1406 1450 1483 ψυχῶν,

267 1508 298 1559 10
329 1502 420 1558 καὶτὸ
440 1499 587 1580 ἀλλότριον
605 1500 657 1557 ἀπὸ
676 1506 723 1558 τοῦ
742 1501 844 1560 οίκείου
860 1506 915 1558 τῶν
930 1504 1028 1582 ψυχῶν
1046 1499 1215 1580 διακρίνουσα
1229 1502 1348 1580 καθαράν
1366 1501 1450 1556 αὐτῶν

331 1603 381 1670 τὴν
403 1599 496 1656 ούσίαν
516 1604 598 1657 ποιεῖ.
622 1600 688 1678 Περὶ
705 1608 755 1671 τῆς
775 1601 859 1675 μέσης
878 1598 924 1656 ούν
943 1599 1057 1678 κρίσεως
1076 1599 1191 1656 ἐνταῦθα
1211 1596 1376 1676 διαλέγεται,
1394 1601 1450 1669 ἣτις

329 1697 378 1761 τάς
402 1696 449 1770 μέν
473 1697 509 1759 είς
531 1695 652 1775 οὐρανόν,
675 1697 722 1760 τάς
745 1694 773 1753 δὶ
794 1696 842 1761 είς
864 1698 902 1753 τά
927 1697 987 1753 ὑπὸ
1012 1705 1074 1775 γῆν
1098 1694 1320 1775 δικαιωτηρια
1344 1696 1449 1769 πέμπει·

333 1794 400 1869 μετά
416 1793 443 1851 δὲ
465 1796 515 1864 τήν
536 1795 624 1873 κρίσιν
646 1798 663 1866 ἡ
687 1795 755 1866 Δίκη
774 1797 804 1851 τό
823 1793 883 1851 κατ’
903 1788 980 1861 ἀξίαν
1000 1796 1122 1859 ἑκάσταις
1142 1795 1281 1872 ἀπονέμει,
1298 1802 1349 1866 τῆς
1372 1794 1450 1866 Δίκης

332 1891 435 1970 ίσαχῶς
450 1895 485 1965 τῇ
500 1890 585 1969 κρίσει
601 1888 765 1969 λεγομένης,

269 2055 299 2124 15
373 2044 429 2120 μζ’.
453 2045 549 2102 Ἔνθα
570 2046 624 2102 καί
648 2048 694 2109 είς
717 2049 839 2127 θηρίου
864 2047 950 2125 βίον]
974 2048 1032 2106 249
1056 2046 1091 2106 B.

371 2184 432 2243 Ὅτι
452 2191 470 2259 ἡ
493 2188 635 2268 ἀνθρώπου
656 2191 731 2270 ψυχὴ
754 2189 804 2246 οὐκ
824 2187 953 2247 είσδύεται
974 2190 1013 2254 είς
1033 2191 1063 2246 τὸ
1085 2193 1199 2269 θήρειον
1220 2195 1302 2266 σῶμα
1323 2189 1452 2255 πολλάκις

332 2284 439 2365 ε’ίρηται
461 2289 542 2362 ἡμῖν·
568 2284 632 2342 ἀλλ’
657 2287 697 2344 ότι
720 2292 753 2363 τῇ
779 2287 874 2366 ἀλόγῳ
898 2292 974 2368 ψυχῇ
998 2294 1045 2345 τοῦ
1059 2288 1169 2373 Ιθηρίου
1193 2289 1415 2347 συνεπιπλέκεται
1435 2293 1451 2359 ί,

331 2382 428 2462 λογικὴ
444 2387 461 2456 ἡ
476 2391 523 2441 τοῦ
539 2384 692 2463 ἀνθρώπου,
711 2387 756 2442 καί
775 2387 863 2450 ούτως
884 2385 941 2460 μετ’
960 2386 1041 2443 αὐτοῦ
1060 2392 1107 2443 τοῦ
1127 2388 1230 2465 θηρίου
1249 2385 1324 2444 δοκεῖ
1339 2388 1368 2449 ἓν
1389 2389 1453 2465 ζῷον

332 2482 519 2562 συμπληροῦν.
541 2484 676 2554 Ζητητέον
696 2481 724 2539 δὲ
743 2489 803 2548 πῶς
823 2485 897 2541 εἶπεν
918 2483 945 2540 έν
965 2490 999 2561 τῇ
1016 2482 1126 2563 δευτέρᾳ
1143 2483 1244 2564 αίρέσει
1261 2490 1309 2541 τοῦ
1326 2485 1398 2561 βίον,
1416 2483 1453 2540 ότι

268 2587 300 2637 20
331 2579 376 2637 καί
392 2579 421 2636 έκ
435 2579 559 2660 θηρίου
573 2579 672 2637 πάλιν
689 2582 735 2645 εἷς
751 2580 805 2638 ἀνθ
813 2603 922 2660 ρωπον
936 2579 1059 2638 εἷ’σεισιν·
1076 2580 1107 2637 ού
1121 2583 1172 2661 γάρ
1186 2588 1296 2661 πρῶτον
1310 2583 1345 2653 ἦν
1358 2582 1454 2661 θηρίον

331 2680 476 2756 γενομένη·
498 2678 520 2736 εί
540 2678 590 2759 γάρ
613 2678 642 2736 έκ
660 2685 707 2736 τοῦ
728 2687 828 2752 νοητοῦ
850 2678 1018 2736 κατελθοῦσα
1039 2680 1086 2735 τὸν
1105 2685 1214 2758 πρῶτον
1237 2680 1297 2757 βίον
1319 2679 1454 2760 ἄνθρωπον

235 2785 315 2848 p.154
331 2785 416 2850 ποιεῖ,
430 2776 612 2849 τελευτήσασα
628 2775 715 2835 δὲκαὶ
734 2780 773 2842 είς
792 2778 957 2857 κλήροισιν
980 2777 985 2857 l
1008 2776 1121 2835 ἐλθοῦσα
1141 2776 1298 2857 δευτέρου
1319 2778 1394 2856 βίου
1413 2781 1453 2835 σί-

333 2881 421 2955 ρεῖται
440 2876 474 2932 ὃν
494 2874 531 2932 ἀν
550 2874 657 2952 έθέλη,
677 2882 736 2940 πῶς
757 2876 790 2933 ἐκ
811 2877 929 2956 θηρίου
951 2877 996 2940 είς
1016 2874 1186 2956 ἀνθρωπον
1205 2875 1334 2952 είσεισιν;
1357 2877 1388 2934 οὐ
1405 2879 1454 2956 γάρ

331 2975 366 3044 ἦν
390 2973 418 3029 έν
439 2978 476 3052 τῷ
498 2973 600 3052 πρώτῳ
623 2974 677 3050 βίῳ
701 2974 800 3053 θηρίον
822 2974 966 3051 γενομένη,
990 2972 1055 3030 ἀλλ’
1076 2971 1226 3053 άνθρωπος.
1247 2980 1332 3031 Τοῦτο
1358 2975 1404 3032 ούν
1424 2977 1454 3031 τό

270 3079 300 3129 25
333 3070 433 3151 ἄπυρον
455 3073 527 3128 ούτω
552 3069 727 3146 διαλύσομεν·
751 3071 905 3149 δεύτερον
929 3072 1004 3149 βίον
1026 3072 1122 3137 ἁπλῶς
1145 3074 1246 3135 πάντας
1270 3067 1368 3153 ἐφεξῆς
1393 3074 1455 3135 τούς

333 3172 402 3245 μετά
429 3170 475 3226 τόν
498 3175 606 3248 πρῶτον
630 3169 812 3244 ἀκουσόμεθα,
836 3172 879 3226 ίνα
901 3171 947 3226 καί
972 3172 985 3226 ό
1011 3167 1134 3248 δεύτερος
1159 3172 1204 3226 καὶ
1228 3173 1242 3226 ό
1265 3171 1356 3249 τρίτος
1376 3172 1454 3227 καίό

332 3269 457 3347 τέταρτος
470 3269 515 3323 καί
529 3270 555 3324 οί
572 3261 668 3347 έρεξῆς
683 3268 777 3332 πάντες
788 3267 913 3347 δεύτερος
928 3267 1079 3325 καλῶνται·
1097 3264 1169 3324 δύτω
1183 3269 1233 3347 γάρ
1248 3268 1274 3326 ἐν
1289 3275 1347 3333 τοῖς
1362 3262 1456 3349 ὲρεξῆς

332 3367 376 3422 καὶ
394 3365 513 3428 πολλοῖς
531 3365 602 3442 βίοις
621 3364 730 3423 δύναται
746 3367 792 3422 καί
812 3366 845 3422 έκ
865 3365 989 3444 θηρίου
1009 3367 1053 3429 είς
1073 3364 1245 3445 ἀ’νθρωπον
1266 3368 1385 3426 εἰσιέναι.
1402 3367 1457 3422 Ἔτι

333 3462 360 3520 δέ
378 3463 423 3518 καί
442 3464 513 3519 σύτο)
532 3467 566 3538 τῇ
587 3462 737 3541 ἀναγνώσει
763 3461 924 3538 διαλύσομεν
946 3465 977 3519 τό
999 3461 1110 3543 ἄπορον·
1138 3463 1215 3539 έντῇ
1236 3458 1355 3543 δευτέρα,
1378 3466 1453 3545 ρησί,

271 3569 302 3618 30
333 3561 515 3643 θιακληριίισει
534 3568 582 3619 τοῦ
603 3564 666 3640 βίου
685 3559 761 3620 ένθα
781 3565 835 3620 καί
858 3565 906 3629 είς
928 3566 1048 3646 θηρίου
1072 3566 1145 3643 βίον
1164 3567 1351 3646 ἀνθρωπίνη
1371 3569 1454 3647 ψυχὴ

333 3662 532 3741 ἀφικνεῖται·
553 3657 688 3728 στίξαντες
710 3660 755 3719 ούν
778 3661 858 3743 μέχρι
877 3663 973 3720 τούτου
993 3663 1099 3721 τελείαν
1119 3664 1164 3720 καί
1186 3665 1406 3739 ἀναπαυσάμενοι
1424 3668 1454 3738 τῇ

364 3885 395 3936 16
411 3885 532 3943 πολλάκις
543 3884 598 3943 162,
614 3884 657 3948 25ς
674 3885 728 3942 161,
744 3885 758 3933 5

354 4004 427 4140 ΙΤψΤ
442 4004 473 4055 16
490 4007 607 4126 σέμαίνει
625 4004 662 4055 ότι
679 4007 695 4067 ἡ
715 4004 846 4071 ἀνθρώπου
864 4005 934 4074 ψυχὴ
955 4005 1001 4057 ούκ
1019 4003 1142 4058 εἰσδύεται
1161 4009 1195 4066 είς
1215 4006 1313 4073 θήρειον
1326 4007 1397 4066 (cod.
1413 4011 1456 4070 θη·

336 4095 388 4142 ριον
415 4094 490 4139 σωμα

368 4189 414 4240 ΝΟ
435 4190 448 4238 1
469 4188 589 4248 ούσιοπός
609 4191 637 4239 Μ
659 4207 671 4235 ιι
692 4202 760 4238 num
781 4189 952 4249 ούσιοποιόςθ
971 4209 983 4237 ν
1004 4195 1063 4241 Aa?
1126 4191 1140 4239 3
1157 4193 1178 4241 δ’
1193 4185 1244 4241 ἰ’στι
1258 4193 1294 4250 Α,
1314 4192 1335 4241 δ’
1354 4205 1410 4240 om.
1430 4192 1454 4239 Μ

397 4261 485 4326 Ὶγήν]
500 4269 544 4325 γῆς
562 4262 633 4313 Plat.
696 4259 789 4326 θέστι]
800 4264 896 4325 λέγεται
911 4265 947 4310 Αθ
1011 4261 1132 4327 ἡῙοίΑΕ
1194 4262 1275 4312 θεῶν
1294 4264 1454 4327 γενέσεωνΜ

397 4330 479 4396 12τά]
492 4333 537 4389 τάς
551 4337 615 4382 ante
627 4337 714 4381 ram
780 4333 809 4381 1³
826 4332 925 4384 ἑκάστω
940 4335 999 4393 (sic)
1015 4336 1052 4382 Αιι
1114 4333 1144 4382 15
1162 4333 1394 4388 ἔνθα,ίν“1·ιι1)ι“.Α

337 4407 392 4469 βίου
411 4402 481 4452 Plat.
499 4401 599 4453 cod-B
663 4402 693 4451 16
709 4403 737 4453 το
753 4403 854 4452 om.M
919 4404 949 4453 19
966 4408 1125 4471 σινπληροῦν
1144 4408 1180 4453 Αι
1244 4403 1333 4453 θθκαὶ
1354 4417 1409 4453 om.
1428 4404 1455 4452 Μ

398 4473 427 4524 21
448 4474 590 4541 ἄνθρωπον]
612 4473 744 4540 ἀνθρώπου
765 4478 822 4523 ΛΒΤ
884 4474 915 4526 22
934 4471 1048 4541 δεύτερον
1070 4479 1124 4540 βίον
1148 4475 1174 4523 Μ
1240 4473 1271 4523 23
1289 4477 1360 4548 έθὲλη
1377 4474 1456 4524 etiam

340 4546 438 4594 Euseb.
456 4560 462 4594 ί
483 4548 539 4620 θέλη
562 4546 631 4594 Plat.
653 4544 732 4594 codd.
797 4545 827 4594 25
849 4543 1010 4610 διαλύσομεν]
1035 4543 1153 4596 διαλύσον
1172 4548 1194 4594 Α
1216 4544 1275 4605 (litt.
1297 4542 1402 4594 όιαλύσο
1424 4549 1461 4617 Α,

338 4617 461 4679 lima)
524 4617 551 4666 31
572 4619 656 4668 τελέαν
675 4620 701 4665 Μ
