3164 5512
270 408 316 459 232
651 357 793 447 ΕΡΜἘΙΟΥ
813 394 1011 445 ΦΙΛΟΣΟΦΟΥ
1043 409 1049 420 ·

170 561 236 629 1188]
271 577 349 630 μενος
363 542 506 636 ὠφελοῖτο.
526 554 573 611 Καὶ
587 555 637 634 γάρ
654 557 668 610 6
680 553 829 635 φιλόσοφος
845 549 935 624 ἄλλην
947 538 1135 632 παραδέδωκεν
1146 559 1218 631 ἡμῖν
1232 559 1394 639 σοφιστικὴν

265 653 377 735 τέχνην,
394 652 447 733 οὐχ
460 652 505 709 ’ίνα
523 652 657 733 χρώμεθα
677 652 757 728 αὐτῇ,
777 649 838 708 ἀλλ’
857 651 902 707 ’ίνα
921 648 1116 732 ρυλαξώμεθα·
1135 656 1180 711 καὶ
1198 657 1225 711 οί
1247 655 1337 733 ἰατροί
1358 658 1393 712 τά

266 749 461 829 δηλητηριώδη
484 751 612 831 φάρμακα
635 749 724 807 ίσασιν
746 750 798 831 οόχ
813 748 859 806 ’ίνα
879 755 1011 830 χρῶνται,
1037 748 1099 807 ἀλλ’
1120 751 1166 807 ίνα
1189 752 1390 833 φυλάττωνται·

112 865 115 870 ’
196 883 198 886 <
265 848 403 929 ὠφελοῦσι
417 848 507 905 τοίνυν
521 852 596 922 ἡμᾶς
611 850 656 905 καί
671 851 696 906 οί
713 847 811 904 Λυσίου
825 846 901 924 λόγοι
916 848 953 911 είς
966 849 997 904 τό
1014 851 1052 923 μὴ
1067 852 1219 929 χρήσασθαι
1233 850 1336 916 αὐτοῖς.

217 1028 232 1074 5
305 1022 373 1098 ροα’.
397 1019 450 1082 Εἰς
471 1016 503 1074 δέ
524 1018 598 1084 τοῦς
619 1019 766 1098 έτέρους]
789 1016 848 1075 264
870 1016 918 1080 Ε,-

303 1182 340 1237 Ti
354 1178 543 1259 ὑποδείγματα
558 1178 668 1261 διχόθεν
682 1179 723 1237 δεῖ
738 1175 899 1254 λαμόάνειν,
914 1180 958 1234 καί
972 1177 1067 1234 ἐκτῶν
1081 1179 1286 1260 ἡμαρτημένων
1300 1179 1391 1259 λόγων

262 1277 307 1335 ’ίνα
328 1278 395 1336 αότά
413 1276 583 1359 ρυλάττηταί
604 1299 656 1353 τις,
676 1280 722 1334 καί
744 1277 848 1334 ἐκτῶν
868 1277 1087 1355 κατωρθωμένων
1106 1276 1152 1333 ’ίνα
1170 1278 1238 1334 αὐτὰ
1259 1286 1388 1353 μιμῆται·

263 1377 353 1434 Εἰπὼν
366 1375 412 1451 οόν
427 1377 490 1456 περὶ
503 1360 550 1433 τοῦ
562 1377 663 1433 Λυσίου
676 1375 761 1455 λόγου
777 1377 792 1432 6
805 1373 953 1456 φιλόσοφος
965 1378 1011 1430 τοῦ
1024 1376 1231 1454 ἡμαρτημένου,
1244 1376 1290 1433 καί
1302 1369 1390 1441 δείξας

263 1474 305 1547 ότι
326 1472 459 1555 άκέραλος
481 1476 526 1530 καί
547 1472 661 1538 ότακτος
682 1475 727 1530 καί
742 1474 847 1553 άσαιρὴς
863 1475 878 1529 6
894 1471 985 1550 λόγος,
1011 1470 1137 1548 βοόλεται
1158 1472 1201 1530 ἐπί
1224 1474 1271 1530 τὸν
1293 1475 1388 1530 ἑαυτοῦ

200 1589 231 1639 10
263 1573 346 1651 λόγον
364 1573 410 1628 τόν
428 1595 457 1630 τε
473 1572 605 1653 πρότερον
619 1574 665 1629 καῖ
681 1573 793 1651 ίίστερον
808 1570 908 1641 ἐλθεῖν,
925 1572 969 1626 καὶ
984 1566 1070 1636 δεῖξαι
1084 1577 1144 1635 πῶς
1160 1574 1174 1629 ό
1190 1573 1287 1629 ἑαυτοῦ
1302 1570 1387 1650 λόγος

263 1670 302 1735 ὡς
322 1672 390 1752 ρωτὶ
409 1675 443 1746 τῇ
463 1670 582 1743 ἀληθεία
600 1671 747 1746 έπόμενος,
771 1671 816 1726 καί
840 1668 915 1734 είδὼς
935 1670 986 1738 τὴν
1007 1668 1084 1750 ρόσιν
1105 1671 1143 1725 ὧν
1165 1667 1264 1743 μέλλει
1285 1668 1385 1749 λέγειν,

264 1768 471 1849 μετεχειρίσατο
493 1768 619 1847 ἑκάτερον
638 1774 693 1825 τῶν
715 1767 842 1825 ἐναντίων
862 1766 961 1844 λόγων,
978 1768 1023 1823 τόν
1043 1768 1112 1823 κατὰ
1132 1765 1232 1847 ἔρωτος
1254 1768 1299 1823 καί
1323 1768 1387 1847 ὑπὲρ

262 1864 375 1945 ἔρωτος.
389 1901 429 1910 -
444 1865 512 1922 Ἐπί
525 1865 554 1924 δέ
567 1866 640 1931 τοὺς
657 1868 789 1946 ἑτέρους
806 1864 926 1943 λόγους
941 1865 1015 1943 λέγει
1028 1865 1092 1928 τοὺς
1110 1866 1177 1940 μετόι
1193 1865 1332 1937 ἀληθείας.
1349 1899 1388 1909 -·

263 1963 319 2020 Ἦν
332 1965 392 2043 γάρ
407 1985 437 2020 τι
452 1963 483 2021 έν
497 1963 623 2027 αὐτοῖς·
639 1964 670 2020 τὸ
684 1964 811 2045 τεχνικὸν
823 1964 869 2019 καί
884 1964 916 2019 τὸ
931 1963 1005 2026 ὅπως
1019 1960 1061 2019 δεῖ
1076 1962 1199 2042 γράρειν.

201 2171 230 2220 15
282 2137 372 2220 6⁰8·
396 2140 549 2198 Ἐναντίω
570 2164 631 2198 που
652 2140 770 2222 ἤστην]
793 2143 851 2201 265
873 2142 911 2201 Α,

301 2302 332 2355 Οί
347 2299 394 2358 δόο
408 2299 484 2378 λόγοι
499 2300 613 2359 έναντίοι
627 2304 706 2373 ἦσαν·
723 2304 738 2360 6
754 2303 803 2377 μὶν
822 2303 871 2381 γάρ
890 2299 987 2382 έλεγεν
1008 2303 1051 2360 ότι
1074 2303 1111 2359 οὐ
1133 2302 1185 2360 δεῖ
1205 2309 1246 2382 τῷ
1269 2303 1387 2383 έρίυντι

260 2400 451 2477 χαρίζεσθαι
473 2398 565 2469 ἐπειδὴ
590 2397 719 2479 μεγάλων
740 2406 830 2456 κακῶν
852 2403 867 2458 6
889 2399 1003 2480 έραστής
1024 2400 1126 2479 γίνεται
1147 2399 1246 2471 αίτιος,
1272 2404 1287 2460 6
1307 2400 1336 2458 δέ
1354 2402 1386 2458 τά

261 2497 367 2553 ἐναντία
382 2497 424 2553 ότι
438 2495 487 2554 δεῖ
500 2503 542 2576 τῷ
558 2498 676 2578 ἐρῶντι
689 2499 882 2579 χαρίζεσθαι
896 2500 941 2555 καί
959 2497 1065 2576 μεγάλα
1079 2500 1165 2579 άγαθά
1178 2500 1209 2557 ἐκ
1222 2506 1270 2556 τοῦ
1285 2498 1386 2578 ἔρωτος

261 2594 373 2672 γίνεται.
397 2600 456 2660 Πῶς
476 2594 522 2652 οὗν
540 2594 650 2653 δόναται
668 2597 701 2652 τά
720 2596 825 2653 έναντία
844 2598 904 2676 περὶ
924 2604 972 2653 τοῦ
993 2597 1074 2654 αὐτοῦ
1095 2595 1271 2676 λέγεσθαι,ἐί
1288 2601 1326 2673 μό,
1343 2619 1384 2660 τις

197 2712 230 2763 20
261 2691 318 2751 οἶδε
332 2696 382 2764 τὴν
397 2695 474 2774 ρόσιν
486 2678 533 2751 τοό
550 2693 710 2773 λεγομένου,
728 2696 766 2759 ὡς
782 2699 826 2751 νῦν
840 2702 889 2752 τοῦ
904 2690 1020 2774 ἔρωτος

302 2861 371 2942 ρογ’.
395 2863 515 2938 Ὤιμην
537 2884 570 2920 σε
590 2861 749 2938 τάληθές]
774 2863 831 2921 265
854 2862 889 2921 A.

302 3022 408 3096 Ἐπειδὴ
424 3026 468 3081 καῖ
484 3026 609 3106 ἑκάτερος
625 3026 714 3082 αὐτῶν
730 3027 830 3100 μανίαν
844 3026 903 3082 τινὰ
918 3023 990 3103 ἐλεγε
1005 3025 1051 3080 τὸν
1066 3023 1165 3103 ἔρωτα·
1181 3026 1226 3081 καί
1242 3025 1293 3104 γάρ
1307 3025 1383 3081 καὶό

260 3122 357 3188 Λυσίας
371 3122 447 3202 ἔλεγε
463 3126 501 3198 μή
518 3122 575 3180 δεῖν
589 3124 747 3204 χαρίζεσθαι
760 3129 797 3201 τῷ
815 3123 911 3202 ἐρῶντι
926 3121 1016 3194 ἐπειδὴ
1030 3125 1045 3179 6
1062 3124 1120 3197 μὲν
1136 3125 1304 3198 μαίνεται,
1321 3125 1336 3180 6
1352 3122 1384 3180 δὲ

261 3227 434 3301 σωρρονεῖ·
451 3222 495 3277 καὶ
512 3223 526 3277 6
541 3218 655 3277 Πλάτων
668 3218 696 3277 δὲ
710 3227 744 3297 τῇ
760 3220 827 3297 αὐτῇ
842 3221 915 3301 άρχῇ
931 3220 1065 3302 ἐχρήσατο
1077 3225 1111 3296 τῇ
1128 3222 1222 3296 μανία,
1239 3223 1283 3278 καί
1298 3220 1383 3279 διεῖλε

198 3335 228 3386 25
260 3320 312 3389 τὴν
328 3318 426 3393 μανίαν
439 3321 476 3384 είς
490 3317 548 3391 δόο,
563 3321 613 3390 τήν
630 3320 678 3392 μὲν
692 3319 872 3397 ἀνθρωπίνην,
888 3321 938 3390 τὴν
954 3317 982 3375 δέ
994 3319 1071 3376 θείαν
1083 3318 1188 3378 καλῶν.
1203 3353 1242 3363 -
1257 3319 1382 3386 Μανίας

261 3415 294 3472 δὲ
314 3414 386 3487 εῖδη
407 3414 473 3472 δόο·
496 3418 580 3491 ἦμέν
598 3416 701 3497 χείρων
721 3422 776 3472 τῶν
795 3416 982 3495 ἀνθρωπίνων,
998 3420 1015 3488 ἢ
1032 3414 1061 3472 δέ
1074 3417 1211 3495 κρείττων,
1230 3416 1325 3487 ἥντινα
1339 3420 1384 3473 καί

261 3514 296 3578 είς
306 3515 420 3593 τέσσαρα
431 3513 571 3589 κατέτεμε.
584 3518 702 3569 -Των
718 3513 884 3571 είωθότων
899 3514 1060 3588 νομίμων·
1078 3513 1109 3568 οό
1121 3514 1171 3593 γάρ
1182 3514 1215 3570 τά
1226 3517 1383 3571 καθεστῶτα
1480 3547 1482 3551 ·

259 3613 367 3693 πράττει
381 3615 395 3668 6
409 3614 528 3693 κάτοχος
543 3619 580 3691 τῷ
596 3619 655 3687 θεῷ
669 3613 825 3692 γινόμενος·
840 3612 928 3669 οόκέτι
942 3613 992 3692 γὰρ
1011 3613 1105 3668 ἑαυτοῦ
1124 3608 1206 3685 ἔστιν,
1225 3609 1298 3669 ἀλλὰ
1315 3611 1382 3678 όλος

260 3708 411 3768 έπιδέδοται
423 3717 485 3776 τοῖς
501 3717 590 3774 θεοῖς.

291 3929 319 3978 13
340 3928 376 3978 of.
396 3927 482 3978 schol,
502 3927 538 3978 ad
555 3927 602 3978 264
620 3930 645 3978 A
665 3929 701 3991 (p.
720 3927 777 3987 274}
796 3943 802 3978 ε
823 3929 921 3994 ἑτέρους
939 3930 1038 3992 λόγους·
1056 3927 1113 3986 τοὺς
1134 3929 1184 3991 μετ’
1203 3929 1319 3993 ἀληθείας

258 3999 288 4048 23
305 4000 374 4064 ’ἔλεγε
387 3998 433 4048 2³1
450 4000 493 4048 D:
508 3999 544 4049 οί.
560 3999 606 4049 244
620 4002 645 4049 A

290 4119 337 4168 ΝΟ
354 4119 367 4167 1
385 4119 569 4186 παραδέδωκεν]
585 4121 729 4186 παρέδωκεν
745 4119 773 4168 Μ
838 4119 852 4167 4
870 4121 929 4182 ἡμῖν
945 4117 973 4166 Μ
1038 4119 1053 4166 5
1069 4119 1113 4178 εἰς,
1129 4136 1141 4168 ε
1155 4119 1229 4168 rubr.
1244 4123 1267 4169 A
1282 4123 1326 4182 (ex
1342 4124 1383 4172 ἐπὶ

258 4195 289 4239 ut
305 4189 422 4252 videtur)
487 4194 599 4257 ἑταίρους
619 4190 689 4241 plat·
708 4189 814 4240 cod.B
877 4190 954 4238 όθεῖ
971 4201 1025 4237 om.
1042 4189 1070 4238 M
1135 4189 1383 4258 7κατωρθωμόνων]

257 4260 457 4327 κατορθωμάτων
472 4262 499 4311 Μ
563 4263 580 4311 8
595 4265 639 4312 τοῦ
655 4263 830 4327 ἡμαρτημένου
847 4264 860 4311 ό
875 4263 1009 4325 φιλόσοφος
1025 4259 1054 4308 Μ
1119 4260 1149 4309 10
1163 4260 1224 4324 πῶς]
1240 4261 1277 4311 ότι
1289 4264 1328 4311 ΑΙ

258 4333 287 4380 11
305 4337 339 4390 ὡς
354 4333 468 4396 scripsi:
485 4332 527 4383 ἅτε
539 4333 601 4382 libri
666 4333 693 4381 13
708 4331 758 4396 ἐπὶ]
771 4333 805 4390 εἰς
819 4330 890 4381 ΡΙει.
905 4329 971 4379 ο1.5
1035 4331 1382 4391 14τὸαιιισὸπωςοω.Μ
1488 4396 1490 4399 ¹

321 4401 350 4451 15
368 4406 479 4463 ἐναντίω,
491 4407 502 4454 ἐ
515 4403 588 4453 rubr.
603 4407 626 4453 A
690 4402 721 4452 18
735 4405 777 4453 καί
790 4429 820 4437 -
835 4403 864 4452 19
878 4403 992 4465 λέγεσθαι
1005 4413 1059 4449 om.
1071 4401 1123 4451 EM
1188 4402 1219 4453 20
1232 4406 1384 4470 λεγομένου]

258 4475 385 4539 ἐρωμένου
400 4473 451 4523 ΕΜ
463 4475 498 4524 of.
509 4475 565 4534 234,
576 4476 592 4524 6
655 4473 756 4540 ἔρωτος]
773 4477 878 4539 ἐρῶντος
889 4473 917 4520 Μ
929 4471 964 4520 cf.
977 4472 1033 4529 205,
1045 4471 1073 4521 11
1138 4472 1167 4523 21
1186 4472 1266 4539 ᾤμην,
1280 4474 1301 4524 ὥ
1313 4475 1384 4540 (sic)

259 4543 332 4593 rubr.
353 4546 376 4591 A
439 4545 516 4595 25-26
534 4549 622 4609 μανίας
643 4548 669 4595 δέ
688 4563 715 4608 γε
736 4544 805 4594 Plan.
869 4543 900 4592 26
920 4545 962 4592 καί
981 4554 1035 4592 om.
1052 4543 1082 4591 M
