3164 5512
317 465 365 518 262
700 454 842 506 ΕΡΜΕΙΟΥ
862 453 1060 504 ΦΙΛΟΣΟΦΟΥ

219 617 286 684 12021
359 612 435 687 σπη’.
451 618 513 672 Νῦν
531 612 568 686 δὴ
589 604 702 673 ἐκεῖνα
719 612 783 687 ἤδη
804 612 827 670 ὦ
844 610 980 693 Φαῖδρε]
1001 614 1058 674 277
1074 613 1113 674 Α.

312 761 315 768 ’
357 755 423 814 ’Δπδ
436 761 492 813 τῶν
511 756 631 814 ἐντεῦθεν
649 756 759 832 σύνοψιν
776 753 905 834 βοόλεται
924 759 1086 829 ποιήσασθαι
1099 758 1210 817 πάντων
1223 765 1280 818 τῶν
1295 762 1447 842 είρημὲνων

220 871 246 921 p.
255 856 300 908 20³
317 854 435 934 περὶτῆς
446 843 591 934 ῥητορικῆς
605 853 704 934 τέχνης
716 855 723 934 Ι
734 854 780 910 καὶ
790 852 1051 934 εόπρεπείαςλόγου,
1062 854 1108 911 καί
1118 854 1367 938 ἀνακεφαλαιοῦται
1380 859 1445 927 αὐτὰ

318 952 345 1008 ἐν
362 952 555 1031 βραχυτάτοις.
573 975 588 1006 ιι
605 949 713 1023 Ἐπειδὴ
730 951 821 1009 τοίνυν
835 949 1032 1032 διεπεράναμιν
1045 954 1110 1026 ποίᾳ
1126 955 1212 1035 τίχνη
1227 956 1274 1013 καί
1295 956 1445 1037 εὐπρεπείᾳ

270 1055 286 1105 5
318 1048 360 1107 δεῖ
373 1050 525 1130 χρήσασθαι
542 1050 588 1106 τόν
604 1050 689 1130 όρθῶς
710 1050 859 1130 γράφοντα,
880 1054 927 1107 νῦν
947 1047 1081 1126 δυνάμεθα
1101 1058 1190 1132 κρῖναι
1208 1052 1240 1110 τό
1260 1052 1289 1111 ἐν
1306 1059 1341 1131 τῇ
1362 1053 1444 1134 λογο-

315 1148 416 1229 γραφίφ
429 1145 558 1212 ’όνειδος
574 1155 624 1206 τοῦ
640 1150 749 1205 Λυσίου·
767 1144 853 1219 δῆλον
866 1147 917 1228 γδρ
927 1147 970 1204 ότι
982 1149 1183 1228 γιγνόμενοντδ
1197 1158 1245 1223 τῆς
1257 1150 1445 1235 λογογραφίας

310 1245 407 1310 ,καθὼς
427 1248 511 1321 ἡμεῖς
534 1243 677 1322 ίξεθίμεθα
701 1245 752 1304 οὐκ
775 1242 845 1304 ἔστιν
866 1243 982 1317 ὄνειδος,
1005 1246 1079 1304 ἀλλὰ
1099 1248 1185 1306 καλὸν
1206 1251 1251 1306 καί
1267 1249 1384 1328 ἀγαθόν,
1404 1252 1443 1317 ὡς

317 1341 412 1408 άλλως
428 1342 457 1401 δὶ
471 1344 594 1425 αίσγρόν.
612 1366 627 1399 ιν

357 1495 429 1558 σπθ’.
446 1497 499 1555 'nv
517 1496 555 1568 δὴ
574 1494 661 1577 πὲρι]
685 1496 743 1556 277
765 1494 803 1555 Α.

253 1648 285 1700 10
326 1648 329 1654 ’
356 1649 399 1718 Τῳ
414 1644 465 1724 γὰρ
480 1639 538 1699 ὄντι
552 1643 567 1698 ό
580 1641 642 1721 περὶ
654 1648 704 1712 τῆς
718 1640 866 1721 ῥητορικῆς
878 1639 960 1720 λόγος
975 1641 1095 1701 ἐντεῦθεν
1110 1638 1210 1724 ἤρξατο
1225 1644 1278 1701 ἀπὸ
1292 1651 1343 1703 τοῦ
1357 1647 1443 1704 εἰπεῖν

316 1741 362 1798 τὸν
385 1741 534 1821 Σωκράτην
555 1737 665 1819 Φαίδρῳ
685 1737 851 1813 παλινῳδίαν
870 1741 932 1796 ἆσαι
953 1736 1153 1815 σομὸουλεῡσαι
1170 1747 1208 1822 τῷ
1223 1743 1319 1818 Λυσίᾳ,
1335 1745 1443 1802 καὶτὸν

316 1838 436 1920 Φαῖδρον
449 1839 534 1896 εἰπεῖν
548 1837 591 1894 ότι
606 1835 674 1902 ἴσως
690 1836 721 1894 οὐ
735 1839 843 1909 ποιήσει
856 1843 948 1909 τοῦτο,
965 1836 1055 1911 ἐπειδη
1071 1861 1141 1905 τινες
1156 1839 1299 1899 ὧνείδισαν
1316 1842 1391 1923 αὐτῷ
1405 1844 1443 1908 ὡς

316 1937 490 2020 λογογράφῳ.
511 1936 516 2015 Ι

211 2112 305 2164 1091v·
358 2097 414 2178 σί,’.
430 2098 469 2155 Τὸ
490 2098 548 2174 μὲν
569 2096 625 2156 οὖν
643 2094 811 2180 ἔντεχνον]
831 2098 889 2159 277
905 2097 942 2158 Β.

254 2264 286 2315 15
355 2251 390 2308 Τό
402 2251 462 2330 περὶ
474 2257 526 2321 τῆς
542 2249 644 2330 τόχνης
664 2247 774 2307 ἐνταῦθα
793 2250 941 2326 συνοψίζει,
959 2247 1050 2330 λέγων
1069 2250 1111 2308 ὅτι
1130 2249 1173 2308 δεῖ
1191 2250 1348 2329 ἐπιστήμην
1368 2252 1443 2334 ἔχειν

316 2355 371 2406 τῶν
386 2349 564 2429 πραγμάτων,
576 2347 607 2404 τὸ
622 2347 723 2421 ἀληθὲς
734 2345 842 2421 εἰδέναι,
855 2348 979 2428 όρισμὸν,
992 2346 1132 2429 διαίρεσιν,
1143 2350 1222 2431 φύσιν
1236 2353 1340 2432 ψυχῆς,
1352 2352 1444 2409 καὶτὰ

317 2446 377 2520 είδη
391 2452 446 2504 τῶν
461 2445 565 2525 λόγων,
578 2447 624 2503 καὶ
638 2445 687 2503 όσα
700 2444 756 2518 ἤδη
770 2451 912 2527 προεῖπεν.

357 2614 431 2694 σίγα.
448 2611 656 2689 ’Υπόμνησόν
676 2633 716 2687 με
734 2612 822 2688 πῶς]
841 2611 900 2671 277
916 2610 953 2670 Β.

355 2772 493 2831 Τουτίστιν
514 2797 530 2829 ιι
545 2772 573 2831 ἐν
586 2772 731 2853 κεφαλαίῳ
747 2772 805 2830 είπὶ
822 2771 868 2828 καί
885 2769 1125 2851 ἀνακεφαλαίωσαι
1143 2770 1190 2826 τὸν
1206 2768 1304 2849 λόγον.
1325 2794 1394 2824 ν-
1409 2772 1445 2828 Τὸ

253 2886 285 2937 w
317 2870 350 2930 δὶ
368 2873 442 2952 πρὶν
461 2870 497 2929 ἄν
514 2894 564 2937 τις
583 2871 670 2950 τόγε·
691 2877 773 2928 τοῦτο
795 2869 871 2949 λέγει
891 2868 932 2926 ότι
950 2868 991 2928 δεῖ
1008 2870 1055 2926 τὸν
1077 2869 1265 2951 συγγράφοντα
1286 2868 1445 2944 ἐπιστήμην

317 2967 351 3052 ἔγ
353 2993 392 3027 ειν
405 2976 460 3027 τῶν
474 2969 651 3052 πραγμάτων,
666 2969 712 3026 καί
728 2968 777 3025 όσα
792 2966 866 3026 ἄλλα
880 2966 933 3040 ἤδη
947 2968 1017 3041 εἶπε,
1030 2973 1076 3024 νῦν
1091 2966 1337 3049 ἀνακεφαλαιοῦται
1351 2968 1446 3025 συντό·

212 3129 216 3137 ,
319 3092 387 3146 μως.
404 3103 444 3113 -
462 3066 602 3145 Ποικίλη
628 3067 686 3143 μὲν
704 3066 898 3131 ποικίλους·
918 3065 1031 3140 ποικίλη
1049 3065 1120 3123 ἐστὶν
1140 3067 1252 3147 ἡψυχὴ
1271 3069 1290 3137 ἡ
1308 3067 1448 3146 χαίρουσα

316 3166 545 3248 παραδείγμασιν,
566 3166 698 3247 ἱστορίαις
717 3167 762 3222 καὶ
781 3164 814 3235 δὴ
830 3171 888 3230 τοῖς
908 3163 1046 3245 διαφόροις
1067 3163 1171 3243 λόγοις·
1188 3164 1239 3243 όρα
1260 3161 1290 3221 δὲ
1309 3164 1352 3221 ότι
1368 3166 1446 3222 καὶό

319 3265 463 3346 Σωκράτης
477 3266 564 3329 οὕτως
579 3263 703 3337 ἐποίησε·
720 3262 854 3345 διαφόρως
868 3263 919 3342 γὰρ
932 3260 1127 3343 κατεποίκιλλε
1140 3263 1188 3319 τὸν
1203 3261 1298 3342 λόγον.

254 3456 285 3509 25
358 3428 435 3507 σίγβ’.
453 3428 493 3486 Οό
512 3427 674 3509 πρότερον
691 3424 840 3503 δυνατόν]
860 3426 917 3485 277
935 3423 971 3484 C.

357 3581 406 3638 Καὶ
428 3579 480 3660 γὰρ
499 3581 513 3636 ό
535 3577 677 3660 ῥητορικὸς
699 3575 795 3656 λόγος,
811 3575 856 3634 διὰ
877 3582 931 3633 τῶν
951 3579 1072 3633 πιόανῶν
1093 3578 1206 3655 πείθων,
1223 3577 1272 3635 οὐκ
1294 3578 1326 3637 ἃν
1348 3577 1445 3645 ἄλλως

316 3679 433 3737 πείσειεν
448 3678 471 3735 εί
484 3678 523 3753 μὴ
540 3675 623 3748 είδείη
637 3676 668 3732 τὸ
680 3673 792 3748 ἀληθὲς·
807 3678 826 3747 η
841 3674 925 3732 πειθὼ
936 3676 986 3755 γὰρ
1001 3673 1076 3748 διττή
1088 3674 1200 3753 ίατιν,ἦ
1216 3698 1246 3735 τε
1261 3674 1444 3750 διδασκαλικη

316 3778 335 3850 ἧ
350 3800 381 3835 τε
395 3776 561 3847 πιστευτικη·
578 3772 639 3832 οὔτε
650 3772 745 3849 οὗντγῖ
761 3770 936 3849 διδασκαλικῇ
952 3771 1013 3831 οὕτε
1026 3777 1060 3849 τῇ
1075 3780 1231 3851 πιστευτικγῖ
1246 3772 1357 3833 δόναται
1371 3778 1444 3858 χρή·

317 3879 422 3946 σασθαι,
443 3876 465 3933 εί
485 3876 524 3950 μὴ
540 3871 583 3931 διὰ
601 3871 705 3930 τούτων
717 3871 761 3936 τίς
778 3869 854 3929 ἔλθοι
870 3877 925 3928 τῶν
939 3876 1046 3953 τεχνῶν
1059 3873 1105 3929 καὶ
1125 3872 1205 3949 μάθοι
1222 3874 1314 3930 καὶτὸ
1330 3876 1445 3933 ὑποκεί-

255 3997 287 4049 30
319 3996 402 4050 μενον
412 3980 524 4055 πρᾶγμα
536 3970 642 4036 καὶτὰς
655 3968 784 4051 διαφορὰς
799 3975 855 4028 τῶν
870 3967 962 4049 λόγων
976 3970 1022 4026 καὶ
1037 3969 1087 4027 όσα
1102 3968 1175 4028 ἄλλα
1186 3971 1256 4029 είπε.

351 4186 398 4238 Nc
414 4186 428 4235 l
445 4181 618 4246 νῦν,νι·ι1ί)ι’.
635 4182 660 4231 Α
724 4182 768 4232 νῦν
785 4178 812 4231 ai
831 4176 903 4242 δὴΕ
964 4178 1067 4252 ίποίφ]
1086 4178 1156 4257 πάσῃ
1175 4179 1227 4232 ΕΜ
1292 4182 1372 4248 5521]
1393 4186 1445 4236 &tv

318 4262 377 4311 Αετ
386 4256 443 4322 (qui
456 4253 527 4330 πάσῃ
538 4250 655 4317 legebat)
718 4249 734 4300 9
750 4244 785 4301 ὧν
797 4249 871 4300 rubr.
885 4251 910 4301 A
973 4248 1005 4302 14
1019 4251 1058 4311 τό,
1068 4269 1082 4301 τ
1091 4252 1166 4301 rubr.
1178 4255 1201 4301 Α
1264 4251 1295 4303 17
1312 4253 1445 4321 προεῖπεν]

319 4333 464 4398 προείρηται
481 4329 518 4377 A·
580 4323 611 4375 18
627 4324 784 4386 ὑπόμνησον,
798 4322 812 4372 ὺ
830 4320 904 4370 rubr.
920 4321 945 4370 A
1008 4321 1070 4372 haec
1084 4321 1169 4373 verba
1182 4323 1243 4374 sine
1257 4322 1342 4374 dubio
1360 4324 1445 4376 Phae-

318 4403 368 4452 dro
383 4399 520 4452 tribuebat
532 4393 659 4446 normias
721 4391 753 4443 20
768 4391 836 4457 τόγε]
850 4395 918 4443 τότε
934 4390 962 4441 Μ
1026 4392 1056 4445 21
1073 4392 1127 4458 νῦν]
1141 4395 1184 4445 καὶ
1197 4393 1227 4444 Μ
1290 4394 1321 4444 2³
1339 4394 1371 4460 δὴ
1387 4409 1444 4448 om,

300 4471 374 4531 ,ΜΕ
436 4462 680 4520 marmium
743 4463 775 4514 25
792 4463 822 4515 οὐ
838 4461 950 4515 rubr.A
1013 4462 1044 4514 27
1060 4467 1168 4516 πείσειεν
1184 4465 1444 4550 εοιίμείτπιίαηλε

213 4535 215 4541 ’
301 4548 399 4596 ’πείσει
418 4542 449 4592 M
513 4533 599 4602 εἰδείη]
617 4537 671 4600 διίη
692 4534 721 4586 Μ
743 4533 809 4598 (jam
829 4545 935 4584 cortex.
954 4536 1024 4597 Αετ)
1087 4535 1135 4603 γὰρ
1148 4536 1261 4600 scripsi:
1276 4536 1380 4590 οὶΙίοῃ

318 4611 492 4669 ἥδώΜ
