3248 5512
339 479 356 530 8
712 471 855 525 ΕΡΜΕΙΟΥ
875 473 1072 525 ΦΙΛΟΣΟΦΟΥ

266 630 316 698 [62]
338 623 429 689 καλῶς
452 623 605 703 γενέσθαι
627 622 787 684 τάνδυθεν
810 628 855 683 καὶ
877 627 912 684 τά
932 626 1007 692 ἐκτὸς
1030 632 1100 692 τοῖς
1122 626 1214 693 ἐντός
1237 626 1326 708 φίλα,
1348 629 1393 686 καὶ
1413 628 1451 686 τδ

338 726 463 802 χρυσοῦ
483 720 611 794 πλῆθος
631 727 761 780 τοσοῦτον
773 722 837 781 ὅσον
852 726 866 781 ὁ
881 726 962 805 σοφὸς
981 723 1090 784 δόναται
1109 727 1233 807 φέρειν·
1258 724 1451 785 «πλούσιον

266 898 268 902 ¹
339 823 401 902 γάρ,
425 823 502 902 φησί,
525 821 704 899 νομίζοιμι
725 824 781 882 τὸν
803 825 946 905 σοφόν.»

380 919 526 978 Συνελόντι
541 920 588 978 οῦν
601 922 632 978 τὸ
649 922 742 980 ὑλικὸν
756 928 916 983 τοιοῦτον...
934 919 1008 1004 [περὶ
1020 920 1133 1001 ἐ’ρωτυς,
1150 924 1224 1004 φασί,
1238 921 1453 1003 προηγουμένως

293 1015 307 1065 5
340 1021 496 1100 ὑφηγεῖται,
518 1019 564 1075 καί
584 1018 645 1076 καθ’
665 1021 697 1079 θν
718 1020 749 1077 ἀν
768 1043 807 1087 τις
822 1021 922 1101 τρόπον
943 1027 1023 1078 τοῦτο
1045 1022 1059 1077 δ
1079 1019 1137 1078 ε’ίτε
1159 1022 1270 1101 φυσικὸν
1292 1020 1352 1078 είτε
1369 1018 1452 1078 θεῖον

338 1117 442 1190 κίνημα
464 1125 512 1189 τῆς
533 1120 632 1198 ψυχῆς,
655 1120 686 1175 τὸ
708 1118 837 1198 ἐρωτικὸν
860 1118 1021 1198 λεγόμενον,
1045 1117 1191 1198 ἐπιστρέψῃ
1214 1119 1257 1176 ἐπί
1278 1120 1309 1176 τὸ
1329 1125 1452 1198 κρεῖττον

338 1215 383 1271 καί
406 1214 681 1295 παραπαιδαγωγήοη
705 1218 743 1282 είς
766 1217 901 1298 ὠφέλειαν
926 1218 1022 1274 έαυτοῦ
1042 1219 1087 1274 καί
1108 1222 1157 1273 τοῦ
1179 1222 1382 1288 κοινωνοῦντυς,
1405 1216 1452 1273 καὶ

338 1317 398 1376 πῶς
415 1313 470 1393 χρὴ
488 1314 595 1390 βιῶναι·
613 1312 730 1372 δείκνυσι
747 1314 776 1372 δέ
790 1317 827 1380 ὡς
841 1315 872 1372 οῦ
886 1316 971 1380 πάθος
989 1314 1060 1372 ἐστίν
1079 1313 1153 1372 ἀλλά
1166 1311 1234 1379 θεὸς
1248 1316 1262 1371 ὁ
1277 1312 1344 1394 ἔρως
1358 1314 1452 1393 σωτήρ

339 1409 384 1466 καὶ
399 1410 558 1489 άναγωγείις
573 1416 627 1469 τῶν
642 1415 748 1493 ψυχῶν.
769 1415 801 1470 Οἳ
820 1411 848 1470 δὲ
862 1413 925 1492 περί
944 1413 1090 1491 ῥητορικῆς
1108 1411 1153 1468 καίΙ
1168 1412 1366 1491 προτρεπτικόν
1382 1413 1453 1468 εἶναι

278 1505 310 1557 10
342 1505 461 1588 Φαίδρου
480 1508 518 1573 είς
537 1506 709 1590 φιλοσοφίαν,
727 1509 820 1581 ἐπειδή
840 1512 912 1590 ἑώρα
926 1510 1007 1567 αὐτὸν
1027 1508 1185 1582 ἐπιτηδείως
1203 1510 1251 1583 μὲν
1266 1507 1365 1589 ἔχοντα
1380 1509 1451 1586 πρὸς

342 1603 517 1687 φιλοσοφίαν,
533 1604 692 1682 ἀμελοῦντα
713 1606 741 1665 δέ
761 1610 862 1682 ταύτης
886 1607 929 1666 διά
949 1611 1000 1679 τήν
1020 1609 1083 1688 περὶ
1105 1609 1253 1688 ῥητορικήν
1272 1605 1391 1678 σπουδὴν
1406 1607 1453 1663 καὶ

340 1705 371 1761 τὸ
385 1704 447 1784 περί
463 1704 525 1768 τοὺς
539 1705 667 1771 πιθανοὺς
683 1705 839 1775 σπουδάζειν
853 1705 962 1786 λόγους,
980 1705 1111 1764 διδάσκων
1126 1707 1207 1764 αὐτὸν
1220 1707 1256 1771 ὡς
1268 1706 1455 1787 φιλοσοφήσας

340 1803 433 1866 ἱκανὸς
456 1799 531 1861 ἔσται
551 1803 654 1885 ῥήτωρ·
679 1804 719 1862 διὸ
742 1806 787 1862 καὶ
809 1807 860 1878 τήν
881 1806 971 1879 ἀληθῆ
996 1806 1143 1886 ῥητορικὴν
1162 1806 1214 1862 ἀπὸ
1236 1813 1286 1878 τῆς
1306 1802 1453 1880 δημώδους

341 1899 480 1982 διακρίνει·
497 1900 630 1982 ὠφελείας
645 1901 691 1961 οῦν
704 1901 784 1962 ἓνεκα
798 1908 847 1961 τοῦ
863 1903 924 1962 νέου
940 1904 987 1960 καὶ
1002 1904 1158 1983 ἀντιγράφει
1176 1909 1216 1978 τῷ
1236 1900 1334 1960 Λυσίου
1350 1899 1453 1983 λόγῳ]

763 2165 842 2234 Δόξαι
862 2172 910 2225 τοῦ
930 2171 1032 2225 σκοποῦ

382 2364 413 2420 Oi
429 2363 477 2438 μέν
495 2363 556 2442 περὶ
575 2361 676 2443 ἔρωτος
693 2361 784 2434 ἐπειδὴ
807 2364 853 2420 καὶ
873 2367 891 2436 ἡ
914 2365 986 2445 ἀρχή
1005 2365 1051 2421 καὶ
1073 2365 1183 2444 ἀφορμὴ
1203 2371 1251 2422 τοῦ
1274 2362 1404 2443 διαλόγου
1424 2363 1456 2422 έκ

342 2461 438 2519 τοῦτου
459 2459 604 2540 γεγένηται
625 2459 668 2518 διά
689 2462 735 2518 τὸν
757 2461 855 2519 Λυσίου
878 2461 972 2540 λόγον,
995 2465 1064 2520 κατά
1084 2459 1184 2542 ἔρωτος
1204 2463 1413 2542 γράψαντος·,οί
1426 2461 1456 2520 δέ

343 2559 404 2638 περὶ
419 2558 566 2638 ῥητορικῆς
581 2560 634 2616 ἀπὸ
649 2567 699 2630 τῆς
715 2564 762 2617 τοῦ
777 2561 874 2618 Λυσίου
890 2558 974 2639 λόγου
988 2561 1147 2640 προφάσεως
1157 2560 1202 2617 καί
1217 2568 1266 2633 τῆς
1279 2561 1345 2640 πρὸς
1358 2564 1455 2616 τοῦτον

343 2658 510 2738 ἀντιγραφῆς
529 2657 575 2714 καὶ
597 2657 828 2737 ἀντιπαραθέσεως
850 2664 898 2716 τοῦ
920 2665 1092 2739 Σωκρατικοῦ
1108 2657 1192 2737 λόγου
1215 2659 1254 2723 είς
1276 2656 1392 2739 ἔλεγχον
1406 2661 1455 2714 τοῦ

281 2771 313 2822 20
344 2755 469 2835 ῥήτορος,
485 2757 523 2821 ὡς
538 2759 577 2831 μή
591 2757 812 2836 κατορθώσαντος
830 2761 862 2829 ’ήν
881 2755 1068 2836 ἐπηγγέλλετο
1083 2758 1242 2838 ῥητορικήν·
1259 2754 1299 2813 διὸ
1319 2756 1362 2814 ἐπὶ
1381 2755 1456 2814 τέλει

343 2856 388 2912 καὶ
403 2864 453 2928 τῆς
468 2853 588 2928 ἀληθοῦς
606 2855 743 2931 μέμνηται
764 2856 910 2935 ῥητορικῆς
923 2856 968 2913 καί
990 2857 1016 2913 τί
1034 2856 1089 2913 ἐστι
1109 2857 1140 2914 τὸ
1156 2855 1249 2920 καλῶς
1269 2856 1392 2937 γράφειν.
1410 2854 1455 2920 Ὧς

346 2953 384 3016 τίς
402 2951 509 3031 μεγάλα
524 2951 570 3010 οῦν
587 2953 655 3035 μέρη
675 2959 778 3030 τεμεῖν,
795 2955 833 3019 είς
848 2952 894 3012 δύο
908 2960 994 3012 ταῦτα
1013 2953 1099 3012 διέλοι
1117 2952 1149 3011 άν
1167 2977 1208 3019 τις
1230 2953 1276 3011 τὸν
1296 2954 1406 3030 σκοπὸν,
1425 2953 1455 3011 ’ἐν

254 3083 280 3133 ρ,
297 3069 328 3119 63
347 3048 395 3123 μέν
406 3050 468 3129 περὶ
481 3047 590 3129 ἐ’ρωτος,
601 3051 629 3109 ἓν
643 3049 671 3108 δὲ
683 3053 743 3131 περὶ
761 3052 920 3131 ῥητορικῆς,
937 3051 1070 3130 τουΙτέστι
1085 3053 1147 3131 περὶ
1162 3057 1216 3109 τῶν
1233 3050 1280 3109 iio
1297 3051 1455 3126 κινημάτων

345 3156 395 3219 τῆς
408 3151 508 3228 ψυχῆς·
526 3150 556 3205 τὸ
573 3148 621 3225 μὶν
640 3151 703 3229 περὶ
722 3145 821 3229 ίρωτος
839 3151 907 3207 κατά
927 3152 978 3220 τήν
996 3149 1071 3213 έντδς
1094 3149 1178 3221 αὐτῆς
1201 3147 1317 3207 διάθεσιν
1338 3148 1384 3205 καὶ
1404 3148 1455 3219 τήν

282 3259 313 3309 25
344 3247 411 3326 πρὸς
432 3248 465 3303 τά
486 3247 662 3326 ὑπερκείμενα
680 3246 779 3328 ἔφεσιν,
802 3249 833 3305 τὸ
855 3245 883 3305 δὲ
904 3249 965 3328 περὶ
984 3249 1131 3327 ῥητορικῆς
1152 3249 1221 3304 κατά
1240 3248 1292 3318 τήν
1312 3247 1389 3311 έκτδς
1410 3247 1456 3302 καί

344 3345 409 3423 πρὸς
429 3342 500 3402 ἀλλο
518 3346 562 3400 καὶ
581 3344 623 3402 ἐπὶ
644 3344 707 3403 τάδε
729 3346 807 3425 ῥοήν·
831 3345 925 3405 ἀλλων
944 3368 973 3404 τε
995 3348 1046 3426 γάρ
1067 3343 1146 3404 ἕνεκα
1167 3346 1304 3426 φράζομεν
1324 3347 1454 3425 καὶπρὸς

345 3440 488 3514 ἀλλήλους
510 3440 703 3521 διαλεγόμεθα.
721 3442 803 3502 Ὥστε
817 3444 878 3524 περὶ
894 3448 1012 3524 ψυχικῆς
1028 3427 1115 3525 ἀρχῆς
1129 3441 1203 3502 είπυι
1218 3442 1249 3499 άν
1268 3465 1308 3508 τις
1322 3444 1391 3500 εἶναι
1408 3443 1455 3498 τὸν

345 3541 455 3600 σκοπόν,
472 3540 582 3598 ’Ἔπειτα
597 3539 625 3599 δέ
641 3543 691 3599 εἰσί
709 3564 779 3606 τινες
793 3545 818 3600 οἱ
837 3544 882 3599 καί
899 3542 1009 3607 πλείους
1028 3543 1154 3621 λέγοντες
1173 3542 1219 3598 καί
1234 3540 1378 3621 διαφόρους
1391 3540 1454 3603 τοῦς

345 3640 473 3704 σκοποός·
490 3642 516 3697 οἳ
532 3641 580 3717 μὶν
596 3640 719 3721 εἰρήκασι
736 3643 796 3721 περὶ
814 3646 915 3722 ψυχῆς,
936 3640 979 3698 διά
997 3642 1031 3698 τά
1049 3642 1109 3720 περὶ
1128 3640 1270 3706 ἀθανασίας
1289 3640 1372 3711 αὐτῆς
1390 3640 1456 3695 άπο·

284 3748 315 3799 θΟ
346 3737 507 3815 δεικνύμενα
522 3739 635 3798 ἐνταῦθα
647 3742 755 3813 καὶτῆς
769 3739 841 3805 ἰδέας
857 3741 953 3813 αὐτῆς·
971 3742 998 3797 οί
1010 3739 1038 3797 δέ
1051 3741 1111 3819 περὶ
1125 3739 1256 3818 τάγαθοῦ,
1272 3737 1365 3809 ἐπειδὴ
1382 3739 1453 3796 είπε·

376 3967 418 4017 1-2
431 3968 477 4019 279
493 3966 534 4017 B:
550 3966 571 4017 C
633 3965 648 4017 2
662 3962 782 4019 πλούσιον
796 3967 845 4034 γάρ
861 3967 896 4032 (ri
911 3967 1007 4029 Plinii
1022 3994 1051 4003 -
1069 3970 1145 4033 σοφόν
1159 3966 1206 4017 279
1222 3966 1243 4017 C

377 4100 423 4152 Nc
439 4099 454 4151 1
467 4103 551 4159 καλῶς
562 4112 569 4148 ι
582 4098 642 4150 iori
655 4099 732 4149 καλὸν
746 4111 781 4149 ex
796 4097 910 4149 Platone
924 4098 1071 4161 legendum
1135 4101 1202 4165 φίλα]
1221 4102 1289 4165 φίλια
1308 4098 1377 4150 Plat.
1394 4099 1454 4149 eod.

345 4173 368 4222 B
431 4172 518 4237 Λπιρὶ
532 4198 563 4207 -
577 4170 607 4219 14
620 4173 687 4236 λόγῳ
707 4170 816 4228 seclusi,
836 4170 892 4232 iam
911 4173 999 4220 Αοτιο
1018 4177 1224 4234 suspecta-cum
1247 4171 1344 4221 eadem
1359 4170 1388 4220 in
1412 4182 1456 4220 se-

346 4242 492 4307 quentibus
508 4242 607 4292 meiius
629 4247 656 4290 ει
673 4240 781 4304 plenius
799 4240 941 4300 dicantur3
960 4247 1081 4291 ceterum
1101 4243 1129 4292 in
1148 4242 1190 4292 his
1208 4241 1342 4292 nonnulla
1361 4240 1456 4291 mutila

345 4320 426 4378 atque
442 4320 568 4376 corrupta
632 4312 663 4360 ii
679 4313 735 4362 νέου
752 4312 801 4361 sed
817 4331 830 4362 ν
848 4325 880 4364 ex
898 4312 1006 4362 emend.
1024 4314 1047 4360 A
1110 4311 1256 4381 τῷ1τοῦΜ
1274 4313 1310 4363 ci.
1325 4312 1349 4369 9,
1366 4313 1393 4361 15

345 4386 375 4436 15
391 4386 486 4438 titulus
500 4385 573 4433 rubr.
590 4383 619 4432 in
634 4386 668 4438 Λ,
683 4383 777 4432 om.M
843 4383 872 4433 16
886 4383 1075 4440 oi‚orubr.A
1139 4382 1357 4450 ήὰφορμὴΜυῐ.
1373 4381 1410 4439 10,
1425 4383 1457 4434 30

407 4458 437 4507 17
452 4457 493 4509 διδι
506 4458 550 4508 τοῦ
561 4454 697 4505 ΛυσίουΜ
762 4453 792 4504 21
804 4444 936 4506 τδοω.Μ
1001 4453 1278 4520 22οδνιίςμεγάλαΜ
1342 4451 1456 4518 rixari}

344 4529 387 4580 καί
402 4528 430 4577 Μ
448 4527 511 4590 {jam
526 4529 680 4577 correxerat
694 4526 761 4586 Aer)
824 4524 854 4575 27
873 4525 991 4591 ψυχικῆς]
1006 4530 1089 4594 ψυχῆς
1104 4525 1132 4575 Μ
1196 4525 1228 4576 28
1245 4526 1329 4577 ’ίπειτα
1343 4523 1454 4590 scripsi:
1546 4532 1549 4539 '

344 4601 397 4652 imi
412 4599 473 4650 libri
536 4601 560 4651 οΙ
575 4595 688 4660 scripsi:
705 4599 730 4646 oi
743 4596 805 4647 libri
867 4600 909 4647 καὶ
924 4609 980 4647 om.
999 4597 1028 4646 M
