3248 5512
328 517 358 567 34
708 502 849 555 ενιιειοι·
870 504 1066 554 ΦΙΛΟΣΟΦΟΥ

243 669 293 736 [76]
325 657 424 740 ἔρωτα,
441 659 488 715 τὸν
504 658 552 733 μέν
568 657 686 727 ἀστεῖον,
704 657 750 713 τὸν
765 655 793 713 δέ
807 655 945 737 φαῦλον...
964 653 1122 730 Ἐπιθυμίαν
1139 657 1185 713 καὶ
1205 655 1291 736 ’όρεξιν
1306 659 1445 722 συνουσίας

234 819 236 824 .
322 758 391 815 κατά
405 757 450 815 τόν
469 754 620 812 Παυσανίαν
634 754 740 811 καὶτὸν
755 753 894 834 τραγῳδὸν
908 755 955 810 τὸν
971 753 1093 811 είπόντα·

598 893 692 953 δισσά
712 895 887 971 πνεύματα
911 902 1024 968 πνεῖς,
1047 895 1168 975 Ἔρως.

362 1051 550 1134 Ἀριστοτέλης
576 1051 604 1109 δέ
626 1052 696 1125 όλης
721 1053 769 1128 μέν
793 1060 844 1124 τῆς
869 1057 958 1132 ψυχῆς
982 1074 1048 1133 φησι
1072 1054 1119 1109 τὸν
1143 1051 1232 1133 ἐρωτα
1255 1053 1339 1118 πάθος
1365 1052 1446 1125 εἶναι,

274 1163 289 1213 5
321 1151 370 1208 κάν
393 1151 441 1226 μέν
466 1152 480 1206 ό
507 1148 641 1228 λογισμός
663 1152 799 1229 κρατήσῃ,
829 1149 922 1229 φιλίας
949 1149 1030 1206 αὐτὸν
1057 1149 1137 1218 εἶναι,
1166 1148 1213 1206 ἐάν
1239 1147 1268 1206 δὲ
1293 1151 1324 1206 τὸ
1348 1151 1445 1222 πάθος,

320 1248 471 1313 συνουσίας.
489 1249 553 1329 Περὶ
566 1246 595 1305 δέ
609 1257 658 1319 τῆς
672 1248 822 1313 Πλάτωνος
836 1248 952 1326 γνώμης
971 1244 1084 1322 ε’ίπομεν
1101 1247 1246 1328 πρότερον.
1259 1247 1288 1305 ‘0
1299 1246 1332 1319 δὴ
1346 1247 1446 1312 Λυσίας

319 1354 365 1404 νῦν
380 1353 434 1405 τῶν
450 1346 562 1428 φαύλων
578 1369 604 1403 τι
617 1348 664 1403 τὸν
680 1344 769 1425 ἔρωτα
784 1346 879 1410 ἁπλῶς
895 1346 999 1403 τίθεται
1018 1348 1064 1402 καί
1086 1344 1129 1402 διά
1148 1351 1229 1404 τοῦτο
1249 1352 1304 1402 τῶν
1324 1346 1448 1426 ἐρώντων

247 1474 249 1479 ·
318 1448 489 1527 κατατρέχει,
512 1446 621 1526 φάσκων
644 1445 742 1510 αὐτούς
762 1445 790 1501 ἐν
809 1450 886 1519 κακῷ
902 1445 972 1501 εἶναι
991 1445 1037 1502 καί
1056 1443 1112 1502 δεῖν
1134 1444 1223 1501 αὐτῶν
1238 1447 1288 1516 τὴν
1307 1444 1448 1501 κοινωνίαν

319 1545 511 1624 φυλάσσεσθαι,
533 1542 641 1619 μᾶλλον
661 1541 690 1599 δέ
708 1542 958 1623 προσεταιρίζεσθαι
979 1543 1040 1608 τοὺς
1061 1544 1099 1617 μί]
1121 1543 1250 1622 ἐρῶντας,
1268 1541 1296 1599 ‘0
1321 1541 1349 1599 δὲ
1365 1543 1449 1622 λόγος

216 1655 242 1704 α’
258 1653 290 1703 10
321 1643 395 1717 αύτῷ
412 1641 456 1699 διὰ
474 1640 561 1699 τῶνδε
579 1647 633 1698 τῶν
652 1641 875 1722 ἐπιχειρημάτων
893 1641 1010 1720 πρόεισι.
1033 1646 1146 1720 Πρῶτον
1167 1643 1216 1716 μἐν
1236 1642 1287 1721 γὰρ
1311 1639 1385 1720 λέγει
1409 1639 1449 1697 ότι

323 1737 507 1818 μεταμέλει
535 1746 590 1803 τοῖς
618 1739 766 1817 ἐρασθεῑσιν
791 1741 829 1796 ῶν
854 1737 883 1795 εὖ
909 1737 1039 1811 ἐποίησαν
1060 1739 1107 1794 τὸν
1131 1737 1282 1816 ἐρώμενον,
1312 1735 1449 1795 ἐπειδάν

216 1853 242 1916 β’
319 1839 508 1896 παύσωνται
525 1844 583 1906 τῆς
598 1835 788 1910 ἐπιθυμίας.
811 1836 939 1915 Δεύτερον
954 1835 1073 1900 ότιτοθς
1088 1836 1207 1899 πόνους
1229 1833 1449 1913 ὑπολογίζον·

320 1958 372 1993 ται
387 1937 434 1998 οὓς
450 1933 531 2015 ἐσγον
546 1934 573 1990 ἐν
588 1940 627 2008 τῷ
643 1933 705 2014 ἐραν
719 1934 765 1989 καὶ
781 1932 831 1989 όσα
844 1932 990 2009 ἠμέλησαν
1004 1939 1070 1990 τῶν
1086 1934 1237 1991 Οίκείων·
1259 1934 1305 1990 καί
1323 1932 1367 1989 διά
1385 1933 1448 1989 τού-

320 2056 374 2090 των
398 2037 561 2111 ἡγοῦνται
584 2036 641 2094 τοῖς
664 2030 846 2111 ἐρωμένοις
869 2033 969 2095 ἰκανῶς
994 2029 1244 2088 ἀποδεδωκέναι
1267 2032 1326 2101 τήν
1356 2028 1450 2096 ἀξίαν

214 2148 240 2212 γ’
257 2146 287 2197 15
319 2132 507 2210 <χάριν>.
528 2129 624 2209 Τρίτον
639 2127 680 2185 ότι
698 2126 824 2208 λέγοντες
840 2130 887 2194 οὓς
903 2128 984 2208 ἐρῶσι
998 2129 1088 2210 φιλεῖν
1105 2130 1169 2209 ὑπἐρ
1188 2130 1298 2202 πάντας,
1318 2126 1451 2200 δηλονότι

319 2231 383 2294 τούς
403 2229 535 2308 πρότερον
554 2229 716 2306 γενομένους
736 2226 896 2307 ἐρωμένους,
913 2234 1006 2292 κακῶς
1026 2227 1196 2300 διαθήσουσιν
1215 2227 1311 2294 αύτούς
1327 2225 1371 2284 διά
1385 2226 1449 2290 τοὺς

215 2337 239 2385 δ’
322 2330 468 2408 ὕστερον.
484 2327 614 2406 Τέταρτον
630 2326 672 2383 ότι
687 2327 898 2405 ὁμολογοῦσι
912 2329 957 2383 καί
974 2327 1067 2383 αὐτοὶ
1082 2333 1193 2385 νοσεῖν
1206 2328 1250 2383 καί
1270 2327 1308 2402 μὴ
1327 2346 1450 2407 σωφρο·

215 2434 238 2482 ε’
321 2433 400 2486 νεῖν.
430 2427 556 2501 Πέμπτον
579 2424 632 2496 ότι,
658 2425 681 2482 εί
704 2425 766 2488 τοὺς
788 2422 1019 2504 ἐπιτηδειοτέρους
1039 2427 1107 2505 πρὸς
1128 2424 1221 2507 φιλίαν
1240 2423 1281 2482 δεῖ
1304 2425 1449 2503 αίρεῖσθαι,

324 2524 421 2580 ἐκτῶν
437 2525 476 2599 μὴ
493 2522 617 2603 ἐρώντων
634 2522 817 2603 εὐμαρεστέρα
836 2527 854 2594 ἡ
875 2522 978 2602 ἐκλογὴ
996 2524 1131 2581 πλειόνων
1152 2522 1248 2596 όντων,
1268 2520 1453 2604 χαλεπωτέρα

217 2636 293 2688 ³ff'20
326 2622 354 2680 δέ
378 2622 412 2679 ἐκ
433 2628 496 2678 τῶν
522 2621 688 2701 ἐρώντων·
715 2619 876 2700 ὀλιγώτεροι
900 2623 962 2701 γάρ.
985 2622 1082 2679 Ἕκτον
1105 2623 1227 2694 <ότι>
1247 2624 1298 2693 τήν
1320 2620 1451 2702 αἰσχύνην

324 2719 445 2784 δεδιότας
463 2721 519 2800 χρὴ
540 2720 722 2800 φυλάσσεσθαι
737 2719 812 2783 τοὺς
828 2719 987 2800 ἐρῶντας·
1009 2719 1220 2789 ἀλαζονεύονται
1234 2721 1286 2800 γὰρ
1300 2721 1367 2800 πρὸς
1384 2719 1449 2782 τούς

218 2827 240 2885 ζ’
328 2817 438 2890 ἄλλους,
456 2817 604 2884 δεικνύντες
620 2818 661 2875 ότι
676 2818 707 2875 οὐ
724 2819 813 2894 μάτην
829 2817 973 2890 ἐπόνησαν.
992 2815 1131 2893 Ἓθόομον
1146 2819 1188 2875 ότι
1201 2819 1246 2875 καὶ
1260 2818 1454 2897 προστάττουσι

326 2919 359 2974 τά
378 2922 490 2973 τοιαῦτα
507 2915 577 2972 ὥστε
600 2917 638 2978 είς
658 2916 773 2991 ὑποψίαν
787 2922 845 2979 τοῖς
862 2912 962 2982 ἐ’ξωθεν
977 2916 1126 2997 ἀφικέσθαι,
1144 2917 1186 2973 ότι
1200 2918 1345 2995 γεγένηται
1359 2915 1452 2976 αὐτοῖς

220 3029 242 3092 η’
327 3016 345 3086 ί]
368 3014 464 3090 μέλλει
481 3015 676 3095 πληρώσεσθαι
695 3018 712 3087 ἡ
734 3013 872 3088 ἐπιθυμία.
889 3013 1003 3093 ’Όγδοον
1019 3014 1061 3072 ότι
1074 3021 1128 3072 τῶν
1144 3017 1225 3094 πρὸς
1238 3015 1314 3079 τοὺς
1328 3011 1453 3076 ἄλλους

219 3130 243 3179 θ’
264 3127 294 3178 25
327 3114 551 3194 ἀποτρέπουσι
569 3119 727 3182 συνουσιῶν,
747 3111 898 3177 δεδοικότες
919 3114 957 3187 μή
977 3112 1260 3193 παρευδοκιμηθῶσιν.
1276 3113 1391 3170 Ἔνατον
1412 3112 1454 3167 ότι

328 3215 355 3268 οί
376 3214 415 3287 μὴ
435 3214 491 3268 τὸν
510 3212 631 3292 τρόπον
650 3211 771 3291 γνόντες,
794 3209 866 3268 ἀλλα
886 3212 1114 3287 τοῦσώματος
1134 3211 1357 3288 ἐπιθυμήσαντες,
1381 3211 1454 3267 ἀντι·

223 3327 241 3375 ι’
327 3316 466 3367 ποιοῦνται
490 3315 545 3368 τῶν
562 3308 708 3367 παιδικῶν·
732 3308 772 3365 διὸ
796 3306 920 3391 ἐὐχερεῖς
948 3311 985 3375 εἷς
1010 3307 1181 3385 μεταθολήν.
1207 3310 1322 3368 Δέκατον
1346 3310 1386 3366 ότι
1409 3310 1456 3365 καί

360 3535 375 3584 2
391 3533 502 3584 concie.
515 3532 561 3583 180
575 3545 634 3596 sqq.
698 3531 713 3581 ³
730 3531 852 3594 Nrucrr¹‚
868 3532 900 3581 fr.
915 3538 981 3597 trag.
994 3533 1086 3594 adesp.
1098 3532 1144 3583 187
1208 3531 1264 3582 din
1279 3529 1343 3580 Eth.
1354 3527 1450 3579 Eram

329 3605 364 3655 ct.
383 3603 534 3667 1235‚1244
598 3604 628 3653 10
643 3602 704 3653 haec
719 3603 814 3654 omnia
830 3615 865 3652 ex
883 3603 975 3662 Lysiae
991 3604 1115 3653 oratione
1135 3603 1262 3653 defluunt
1282 3600 1388 3651 231-234

329 3676 361 3727 10
376 3685 474 3743 πρῶτον
490 3702 519 3711 -
533 3674 572 3731 35,
585 3674 617 3723 12
632 3674 739 3725 Πλάτων
754 3695 782 3715 =
797 3675 882 3725 schoL
899 3674 946 3725 220
960 3673 982 3723 E
998 3678 1031 3737 tp.
1049 3673 1095 3725 264
1111 3673 1216 3736 Herm.)

362 3810 517 3871 NClpost
533 3809 626 3870 φαῦλον
640 3806 741 3857 desunt
760 3805 888 3869 quaedam
952 3808 1082 3868 ἐπιθυμίαν
1104 3806 1190 3855 δὲκαὶ
1210 3804 1239 3853 Μ
1303 3802 1386 3867 4μὲν
1404 3801 1453 3850 vir

331 3882 386 3946 legi
404 3886 492 3944 potest
507 3878 535 3928 in
548 3881 572 3926 Α
635 3877 651 3927 6
667 3877 756 3940 potius
770 3876 869 3942 γνώγης
882 3877 983 3942 legeris
997 3876 1025 3926 in
1041 3879 1075 3938 Α,
1093 3877 1131 3925 irc
1143 3887 1285 3939 perperam
1300 3873 1418 3924 litteram
1436 3893 1454 3937 μ

331 3950 475 4014 descripsit
484 3949 610 3999 librarius
625 3950 708 4012 (quod
723 3962 750 4000 οι
764 3949 825 4000 aliis
840 3949 907 4000 locis
922 3949 1031 4011 accidit]
1096 3945 1209 4011 εἴπομεν]
1224 3950 1334 4010 εἴπωμεν
1349 3949 1387 3994 Αι

331 4025 363 4074 10
378 4021 443 4072 inde
457 4020 492 4070 ad
510 4023 528 4072 l.
544 4021 574 4071 27
589 4020 698 4071 numeri
717 4023 743 4071 α’
765 4023 822 4086 β’...
843 4022 862 4071 ι’
886 4021 914 4070 in
935 4020 1060 4084 margine
1076 4019 1175 4083 appicti
1189 4018 1218 4067 in
1233 4020 1257 4066 A
1321 4016 1370 4083 γὰρ
1394 4029 1451 4066 om.

334 4093 418 4145 schol.
484 4091 530 4157 ότι]
550 4098 584 4149 ὡς
603 4090 688 4141 schol.
752 4091 783 4142 12
799 4099 842 4156 τῆς
861 4094 991 4155 ἐπιθυμίας
1011 4086 1156 4141 παύσωνται
1181 4089 1252 4138 Plat.
1317 4089 1347 4138 13
1365 4084 1457 4153 ἔσχον]

334 4164 448 4232 εἶχονΜ
513 4167 555 4216 καί
571 4164 607 4214 ότι
622 4166 803 4229 παρημέλησαν
818 4163 904 4213 schol.
969 4163 1000 4212 14
1016 4166 1107 4219 ίκανὼς
1118 4160 1270 4211 0110501101.
1336 4159 1365 4207 15
1382 4157 1456 4223 χάριν

334 4236 427 4286 addidi
447 4249 481 4287 ex
502 4236 572 4286 Plar.
589 4233 624 4284 cl.
639 4235 679 4291 37,
693 4235 709 4283 6
773 4234 804 4282 16
819 4230 951 4300 πρότερον]
965 4234 1013 4299 πρὸ
1028 4235 1072 4283 τού
1088 4231 1173 4281 schol.
1239 4231 1378 4296 ἐρωμένους
1400 4240 1458 4277 om.

336 4309 363 4356 M
431 4309 460 4359 17
473 4311 587 4374 τέταρτον
602 4308 622 4356 δ’
642 4306 679 4356 ότι
699 4305 727 4354 Μ
794 4306 824 4356 18
839 4305 896 4363 τούς
911 4302 1130 4370 ἐπιτηδειοτέρους]
1150 4304 1193 4361 τὰς
1213 4302 1409 4366 ἐπιτηδειοτέρας
1428 4299 1456 4347 Μ

337 4382 402 4443 riam
421 4385 577 4430 correxerat
591 4380 658 4437 Αετ]
723 4380 760 4428 δεῖ
776 4375 909 4443 αἱρεῖσθαι]
925 4379 1073 4442 διαιρεῖσθαι
1090 4376 1117 4424 Μ
1135 4389 1141 4423 :
1163 4373 1345 4425 necessariam
1360 4384 1458 4421 vocem

337 4456 374 4503 δεῖ
396 4459 456 4515 post
479 4453 499 4502 εἰ
523 4449 663 4500 inserebat
686 4452 743 4498 Asr
805 4448 837 4498 20
859 4447 895 4498 ὅτι
919 4446 1011 4497 addidi
1074 4447 1104 4497 21
1122 4445 1284 4511 φυλάττεσθαι
1308 4442 1394 4492 schol.

337 4524 368 4573 22
388 4521 578 4589 προστάσσουσι
603 4522 630 4571 Μ
696 4521 726 4570 23
749 4520 869 4584 ὑποψίαν]
890 4522 997 4583 έποψίαν
1017 4518 1045 4567 Μ
1065 4519 1131 4581 {jam
1154 4521 1308 4568 correxerat
1327 4517 1396 4573 ΑΟΤ)

338 4600 388 4652 τοῖς
397 4607 452 4644 om.
461 4593 546 4645 schor.
611 4593 642 4641 24
653 4591 861 4658 πληρωθήσεσθαι
871 4590 957 4641 schol.
1022 4592 1053 4641 25
1068 4586 1219 4653 συνουσιῶν]
1232 4589 1344 4650 συνηθῶν
1355 4583 1458 4634 schol.:

339 4668 475 4729 συνηθειῶν
487 4665 631 4715 HERMANN
647 4664 729 4724 (plat.
744 4663 780 4712 Vl
796 4672 889 4724 xxxrr)
953 4663 1053 4714 ’ἔννατον
1064 4662 1092 4711 Μ
1106 4659 1192 4711 schol.
