3150 5504
322 463 353 515 86
705 453 846 504 ΕΡΜΕΙΟΥ
867 453 1064 503 ΦΙΛΟΣΟΦΟΥ

225 620 290 687 [104]
325 613 348 669 εἰ
364 610 392 669 δέ
411 613 456 668 καί
477 610 643 686 ἐπιθυμήσας
663 632 701 674 τις
719 605 801 691 ἐφαγέ
819 633 845 666 τι
864 613 878 667 θ
898 611 1064 691 ἀπηγόρευεν
1079 615 1094 669 ό
1110 613 1206 692 λόγος,
1227 614 1295 687 κᾷτα
1311 613 1341 671 ἐκ
1358 635 1447 693 παρα·

322 703 399 776 δόξου
415 708 531 788 θγίανεν,
548 706 637 773 εἰποις
653 707 684 764 δν
698 710 742 764 καὶ
756 710 805 779 τήν
820 708 963 784 ἐπιθυμίαν
978 709 1204 767 ἐντεθουσιακέναι
1220 710 1356 790 ἀμυδρῶς·
1378 711 1446 769 ὥστε

321 810 425 887 γίνεται
436 809 481 864 καί
495 809 554 886 ττερίΙ
569 807 601 863 τὰ
615 805 688 865 ἄλλα
704 807 784 886 μόρια
800 815 849 877 τῆς
865 811 957 887 ψυχῆς
973 808 1177 884 ἐνθουσιασμός.
1196 808 1224 865 ‘0
1242 809 1332 884 μέντοι
1346 809 1445 889 κυρίως

322 909 366 963 καί
381 905 490 979 ἀληθῶς
507 906 698 981 ἐνθουσιασμός
715 905 796 975 ἐστιν,
813 905 877 962 όταν
892 907 923 962 τό
936 907 964 963 ἓν
977 913 1058 964 τοῦτο
1072 909 1103 964 τὸ
1121 908 1185 987 ὑπὲρ
1205 913 1268 964 νοῦν
1284 916 1334 979 τῆς
1355 912 1446 988 ψυχῆς

276 1015 290 1063 5
323 1007 489 1083 ἀνεγείρηται
505 1006 572 1083 πρὸς
591 1004 653 1069 τοῦς
669 1004 751 1069 θεοὺς
771 1006 815 1060 καί
835 1004 934 1062 ἐκεῖθεν
950 1004 1116 1078 ἐπιπνέηται·
1134 1004 1235 1062 ἄλλοτε
1253 1004 1281 1062 δὲ
1297 1005 1341 1062 ὑπ’
1356 1004 1447 1063 ἄλλων

323 1106 465 1184 κατέχεται
482 1109 557 1161 θεῶν
575 1105 645 1182 παρὰ
664 1105 711 1166 τὰς
732 1102 951 1175 ἐπιτηδειότητας
971 1105 1077 1176 ἐαυτοῦ,
1102 1103 1209 1179 μᾶλλον
1228 1103 1257 1161 δέ
1275 1107 1320 1161 καί
1338 1100 1448 1161 ἔλαττον

322 1202 469 1284 κατέχεται
489 1201 553 1259 όταν
571 1203 585 1258 ό
603 1207 666 1265 νοῦς
686 1201 705 1278 ή
722 1203 737 1256 ό
752 1203 912 1277 κινοῦμενος
933 1201 1066 1275 ή<ή>
1079 1202 1191 1262 διιίνοια.
1207 1201 1311 1283 ’Ὥσπερ
1326 1203 1373 1260 οῦν
1388 1202 1449 1260 όταν

324 1301 487 1383 φιλοσοφίαν
502 1302 543 1365 τίς
560 1299 621 1357 ἐστι·
629 1303 768 1374 ζητῶμεν,
784 1288 822 1375 μή
837 1296 1098 1379 ἀκριόολογοῦμενοι
1110 1301 1138 1359 δέ
1152 1300 1225 1359 ἀλλὰ
1239 1302 1449 1382 καταχρώμενοι

323 1398 467 1475 πολλάκις,
488 1399 533 1454 καί
552 1400 601 1469 τὴν
619 1400 811 1473 μαθηματικήν
829 1399 914 1471 ήτήν
935 1402 1047 1479 φυσικήν
1067 1400 1084 1471 ή
1104 1402 1153 1472 τήν
1172 1403 1271 1472 ήθικήν
1291 1399 1449 1481 φιλοσοφίαν

262 1503 293 1554 10
324 1521 352 1557 τε
372 1499 417 1555 καὶ
435 1497 587 1571 ἐπιστήμην
609 1496 757 1571 καλοῦμεν,
779 1497 850 1554 οὕτω
872 1496 904 1568 δή
926 1499 971 1554 καί
990 1498 1032 1554 ἐπὶ
1049 1504 1097 1555 τοῦ
1116 1498 1322 1574 ἐνθουσιασμοῦ,
1346 1497 1449 1555 Ἐνθου-

326 1597 439 1671 σιασμδν
453 1595 503 1674 γὰρ
525 1595 658 1670 εἰώθαμεν
679 1593 766 1673 λέγειν
788 1594 838 1651 κθν
861 1599 878 1666 ή
905 1596 1036 1676 φαντασία
1056 1596 1075 1668 ή
1096 1600 1113 1668 ἡ
1131 1596 1288 1672 κινουμένη,
1308 1599 1339 1652 Οί
1360 1597 1450 1670 μέντοι

324 1697 369 1752 τὸν
402 1694 594 1768 ἐνθουσιασμόν
628 1693 736 1771 κρίσεσι
771 1695 904 1769 σωμάτων
943 1695 1105 1760 ἀνατιθέντες
1139 1696 1157 1765 ἢ
1188 1696 1266 1775 θέρος
1300 1694 1448 1774 εὐκρασίαις

325 1794 343 1863 ή
371 1792 573 1866 ἀναθυμιάσεων
604 1791 741 1872 διαφοραῖς
772 1792 790 1862 ή
821 1794 867 1849 καὶ
897 1799 999 1872 καιρῶν
1027 1793 1044 1863 ή
1070 1795 1161 1850 τόπων
1193 1791 1405 1865 ἐπιτηδειότησιν
1431 1793 1449 1863 ή

326 1892 371 1947 καὶ
389 1895 424 1967 τῇ
444 1895 499 1946 τῶν
525 1889 585 1946 κατ’
606 1890 719 1969 οὐρανὸν
740 1891 897 1970 περιιόντων
924 1894 1042 1963 ποιήσει,
1069 1893 1102 1947 τὰ
1128 1892 1251 1948 συναίτια
1278 1889 1380 1966 μᾶλλον
1405 1891 1449 1946 καὶ

264 2000 294 2051 15
329 1989 405 2047 ὑλικίι
428 1995 475 2046 τοῦ
500 1989 658 2068 πράγματος
687 1988 756 2070 ήπερ
780 1990 813 2046 τὰ
842 1989 916 2047 αἰτια
943 1992 975 2047 τδι
1000 1992 1101 2070 κυρίως
1126 1989 1260 2069 λέγουσιν.
1285 1990 1381 2071 Ἔχεις
1407 1988 1452 2046 οῦν

326 2091 470 2160 ποιητικήν
491 2089 540 2163 μέν
560 2089 643 2145 αἰτίαν
661 2094 709 2145 τοῦ
730 2087 925 2163 ἐνθουσιασμοῦ
941 2090 1004 2154 τοῦς
1022 2089 1118 2160 θεοὺς,
1140 2089 1237 2160 ῦλικήν
1254 2088 1283 2146 δέ
1300 2088 1385 2160 αὐτήν
1402 2089 1451 2159 τήν

328 2188 504 2245 ἐνθουσιῶσαν
526 2189 618 2269 ψυχήν
638 2188 656 2258 θ,
678 2188 724 2244 καὶ
745 2189 777 2244 τὰ
799 2186 896 2253 ἔξωθεν
917 2185 1057 2263 σῦμθολα,
1081 2188 1181 2259 είδικήν
1205 2186 1233 2244 δέ
1253 2188 1304 2256 τήν
1327 2187 1357 2243 ἐκ
1379 2192 1451 2244 θεῶν

328 2287 465 2344 ἐπίπνοιαν
486 2287 547 2365 περὶ
567 2288 598 2343 τό
616 2287 645 2343 ἐν
666 2288 696 2342 τὸ
717 2294 765 2358 τῆς
786 2290 890 2366 ψυχῆς,
913 2285 1019 2358 τελικὴν
1039 2285 1067 2343 δὲ
1087 2288 1117 2343 τὸ
1140 2286 1247 2365 ἀγαθόν.
1272 2282 1344 2342 Ἀλλ’
1369 2286 1391 2341 εἰ
1411 2284 1452 2340 ἀεὶ

332 2384 475 2462 βούλονται
486 2385 519 2441 τὰ
531 2385 616 2463 ἀγαθὰ
629 2389 663 2460 τῇ
676 2388 752 2465 ψυχῇ
768 2386 795 2441 οῖ
808 2385 882 2456 θεοὶ,
897 2384 978 2442 διὰτί
993 2387 1031 2458 μὴ
1046 2384 1086 2441 ἀεὶ
1100 2384 1240 2457 ἐνθουσιᾷ;
1256 2382 1293 2439 ’Ἡ
1308 2383 1453 2461 βούλονται

266 2491 297 2543 20
331 2484 380 2558 μὲν
395 2483 463 2559 αὐτῇ
483 2483 515 2539 τό
534 2482 629 2562 ἀγαθὰ,
649 2482 796 2559 βούλονται
816 2482 844 2540 δὲ
862 2485 907 2539 καί
925 2485 974 2555 τήν
993 2489 1040 2539 τοῦ
1059 2483 1159 2546 παντὸς
1182 2481 1254 2547 τάξιν
1269 2486 1389 2561 κρατεῖν·
1410 2481 1453 2537 καὶ

330 2583 395 2653 αὐτὴ
412 2581 440 2639 δὲ
453 2582 502 2638 οὐκ
516 2581 556 2638 ἀεὶ
571 2580 708 2653 ἐπιτηδεία
724 2581 777 2638 ἐστὶ
792 2580 835 2638 διὰ
848 2580 954 2647 πολλὰς
970 2582 1067 2646 αἰτίας·
1085 2581 1178 2660 διόπερ
1193 2579 1242 2637 οῦκ
1257 2579 1298 2637 ἀεὶ
1318 2580 1450 2651 ἐνθουσιᾷ.

329 2683 403 2746 Τινὲς
419 2680 447 2738 δέ
462 2679 572 2759 λέγουσι
585 2683 634 2752 τήν
649 2679 803 2750 τελεστικὴν
819 2678 883 2761 ἄχρι
904 2686 950 2737 τοῦ
969 2681 1019 2737 ὑπὸ
1038 2679 1154 2751 σελήνην
1169 2679 1284 2760 φθάνειν·
1303 2679 1326 2735 εἰ
1343 2679 1391 2753 μὲν
1407 2675 1452 2734 οῦν

331 2781 402 2836 οὕτω
421 2778 547 2858 λέγουσιν
567 2778 608 2836 ότι
627 2778 702 2836 οῦδὲν
720 2785 774 2835 τῶν
793 2780 857 2857 ὑπὲρ
877 2779 997 2851 σελήνην
1016 2780 1060 2834 καί
1079 2778 1212 2858 οὐρανίων
1234 2779 1271 2841 είς
1291 2777 1337 2833 τὸν
1358 2777 1453 2834 ὑποτέ-

331 2878 413 2949 ληνυν
434 2877 518 2934 τόπον
540 2877 654 2955 ἐνεργεῖ,
679 2877 799 2957 ἐναργῶς
821 2875 907 2933 ἰὶτοπα
930 2876 1063 2954 λέγουσιν·
1086 2877 1107 2934 εί
1130 2873 1158 2931 δὲ
1179 2875 1219 2933 ότι
1238 2877 1265 2931 οἱ
1283 2875 1405 2932 τελεσταί
1424 2873 1453 2931 οῦ

267 2982 298 3034 25
332 2975 456 3033 δόνανται
475 2976 540 3054 ὑπὲρ
558 2977 608 3046 τὴν
626 2975 790 3047 σεληνιακήν
810 2981 922 3056 σφαῖραν
940 2973 1089 3054 ἐνεργῆσαι,
1112 2974 1225 3053 ἐροῦμεν
1244 2973 1296 3043 ότι,
1318 2975 1341 3030 εί
1362 2974 1411 3047 μὲν
1427 2974 1453 3027 αἰ

330 3071 424 3147 λήξεις
444 3079 497 3129 τῶν
515 3077 611 3154 ψυχῶν
629 3081 711 3129 πᾶσαι
731 3073 892 3145 ὑποσέληνοί
913 3075 989 3144 εἰσιν,
1006 3073 1113 3145 ἀληθής
1132 3073 1219 3129 αῦτῶν
1235 3068 1307 3129 ἐσται
1325 3074 1339 3128 ό
1357 3072 1453 3150 λόγος,

332 3174 355 3231 εἰ
376 3171 404 3229 δέ
423 3174 473 3230 εἰσι
493 3168 587 3243 λήξεις
603 3175 700 3253 ψυχῶν
719 3173 765 3227 καί
786 3173 850 3250 ὑπὲρ
869 3170 988 3243 σελήνην
1007 3170 1113 3250 (ὥσπερ
1131 3170 1177 3227 οῦν
1197 3170 1272 3228 εἰσιν·
1292 3172 1320 3226 αἰ
1339 3170 1455 3248 μὲνγὰρ

332 3271 413 3342 ήλίου
427 3268 525 3328 ὀπαδοί
541 3272 616 3341 εἰσιν,
634 3272 661 3327 αἰ
675 3269 703 3327 δε
722 3268 851 3342 σελήνης,
873 3272 900 3326 αἰ
918 3268 946 3326 δί
966 3269 1079 3347 Κρόνου·
1104 3267 1235 3347 ἔσπειρε
1257 3268 1308 3347 γδιρ
1329 3268 1376 3332 τὰς
1398 3269 1455 3342 μὲν

332 3371 378 3433 εἰς
400 3377 473 3449 γῆν,
496 3369 543 3433 τὰς
566 3368 594 3426 δέ
617 3369 656 3432 εἰς
678 3367 768 3441 ήλιον,
790 3369 837 3432 τὰς
859 3366 887 3424 δέ
908 3366 995 3432 ἄλλας
1016 3366 1165 3448 ἀλλαχοῦ),
1187 3365 1296 3423 δυνατὸν
1314 3362 1388 3422 ἔσται
1407 3368 1455 3437 τήν

271 3478 302 3527 30
333 3471 425 3550 ψυχήν
439 3470 484 3524 καὶ
500 3468 564 3547 ὑπὲρ
578 3467 699 3539 σελήνην
715 3466 868 3546 ἐνεργῆσαι.
886 3464 971 3546 Ὅπερ
986 3468 1035 3545 γὰρ
1057 3470 1074 3537 ἡ
1093 3464 1145 3537 ὅλη
1161 3462 1234 3531 τάξις
1255 3465 1323 3540 αὐτῇ
1342 3465 1456 3544 παρέχει

333 3567 538 3647 πολυχρονίως,
554 3572 634 3623 τοῦτο
649 3565 792 3640 δυνήσεται
810 3567 854 3621 καί
871 3567 951 3641 ἑαυτῇ
971 3572 1120 3644 παρασχεῖν
1137 3562 1331 3644 όλιγοχρονίως
1346 3565 1363 3632 ή
1380 3564 1455 3642 ψυχή

335 3763 385 3821 οὐκ
406 3760 436 3819 όὶν
459 3784 524 3820 ποτε
548 3763 723 3843 ἐνεργήσειεν,
749 3761 812 3841 ἄχρι
835 3760 863 3818 δέ
885 3769 936 3833 τῆς
963 3762 1059 3833 εαυτῆς
1084 3750 1191 3832 λήξεως
1217 3759 1387 3837 ἐνεργήσειεν
1414 3755 1455 3812 ἄν·

367 3954 398 4005 28
417 3956 452 4006 ct.
473 3953 543 4004 Tim.
557 3953 588 4005 42
603 3954 626 4002 D

368 4072 430 4122 TIT
446 4069 478 4122 19
492 4074 586 4138 ἀπορία
601 4073 625 4120 Α

370 4185 416 4235 Nc
437 4185 450 4234 1
471 4184 503 4249 τι]
521 4203 547 4235 τε
568 4185 596 4233 Μ
662 4184 834 4249 ἀπηγόρευσεν
861 4183 888 4231 Μ
953 4182 1031 4232 4ναῖ
1054 4182 1151 4244 ἀληθῶς
1172 4193 1225 4231 om.
1249 4179 1278 4228 M
1342 4176 1457 4244 6παρδ]

338 4260 393 4323 περί
411 4257 450 4315 Μ,
470 4269 505 4305 an
519 4255 603 4307 κατοίί
667 4253 822 4317 Ὶήαίίθίόί
885 4252 1074 4305 οῦνθΧνῦνΛ
1138 4250 1243 4316 θῆτήν
1259 4250 1346 4315 ἠθικὴν
1361 4249 1457 4300 om.M

400 4329 430 4378 13
451 4327 590 4395 διαφοραῖς]
611 4329 747 4392 ἀναφοραῖς
765 4326 793 4375 Μ
858 4323 888 4376 14
908 4329 1042 4391 περιόντων
1062 4328 1086 4375 Α
1108 4333 1170 4374 ante
1189 4322 1298 4373 emend.
1321 4330 1349 4372 et
1368 4322 1395 4370 M

339 4401 439 4465 ποιήσει
457 4406 617 4463 corruptum
634 4397 759 4447 videtur:
775 4397 889 4448 tortasse
902 4395 1028 4459 πολήσειθ
1093 4396 1122 4445 15
1138 4395 1169 4446 τὰ
1179 4402 1242 4444 ante
1252 4398 1345 4460 κυρίως
1360 4407 1414 4443 om.
1428 4392 1455 4441 M

402 4473 431 4522 19
454 4469 592 4539 βούλωνται
611 4470 645 4519 Α1
709 4469 741 4518 22
761 4468 857 4533 φθάνειν
876 4466 1021 4531 pervenire
1043 4468 1088 4531 (cf.
1110 4467 1198 4516 Ριυτ.
1218 4466 1289 4516 Mor.
1307 4464 1353 4515 3³8
1372 4467 1396 4526 a)

339 4543 371 4594 28
389 4546 479 4595 ὀπαδοί
498 4543 526 4592 Μ
591 4543 699 4607 ἔσπειρε,
718 4553 753 4591 ex
773 4540 888 4590 Platone
906 4537 993 4588 intell.
1017 4543 1030 4590 ό
1050 4537 1202 4603 δημιουργός
1266 4536 1296 4586 30
1312 4534 1356 4600 τὴν
1373 4535 1457 4603 ψυχὴν

341 4627 376 4664 ex
390 4622 420 4688 τῇ
434 4619 504 4688 ψυχῇ
519 4617 543 4664 Α
