3150 5504
340 496 394 547 ΕΙΣ
415 496 477 546 TON
500 495 676 545 ῘΜΔΊὨΝΟΣ
698 495 840 546 mimmii
864 495 986 546 ΣΧΟΛΙΑ
1184 508 1230 557 105

42 654 69 719 5]
104 647 154 704 ούκ
173 645 216 703 ἔπ’
236 645 345 726 ἀπειρον
364 645 470 723 πρόεισι
488 645 522 701 τά
540 650 666 701 κινοῦντα
685 643 780 716 δῆλον·
802 642 864 700 ούτε
883 645 934 724 γὰρ
955 643 1010 701 ἔστι
1028 645 1059 700 τὸ
1077 645 1185 725 ἀπειρον
1205 645 1232 703 έν

104 746 185 818 οὐσίᾳ
203 744 265 803 οὔτε
284 745 420 818 έπιατήμη
441 742 523 799 αύτοῡ
543 741 624 802 ἔστιν.
643 741 720 800 Ἀλλ’
739 741 800 799 οὐδὲ
815 742 909 816 κύκλῳ
929 743 1031 800 οἷόντε
1052 743 1120 800 ἱέναι
1140 745 1173 800 τά
1189 766 1230 800 κι-

104 849 211 900 νούντα·
229 843 433 921 ἀναιρεθήσεται
448 842 499 920 γάρ
513 846 568 897 τῶν
582 839 667 897 όντων
681 844 699 911 ή
715 836 800 911 τάξις,
819 843 863 897 καὶ
878 842 908 896 τὸ
924 842 989 898 αὐτὸ
1007 840 1080 899 ἔσται
1093 864 1123 899 τε
1138 840 1228 899 αἶ’τιον

104 944 149 999 καὶ
172 942 300 1000 αἰτιατόν.
320 938 402 997 Ὥστε
424 938 464 997 δεῖ
483 941 553 996 εἶναι
574 939 662 1020 ἀρχήν
676 961 734 995 τινα
754 942 889 1011 κινήσεως
911 942 956 998 καὶ
978 943 1049 1016 μήτε
1064 941 1106 997 ἐπ’
1122 940 1230 1020 ἀπειρον

54 1048 71 1096 5
105 1041 173 1098 ἰέναι
191 1041 239 1105 τάς
257 1043 376 1111 κινήσεις
398 1040 468 1112 μήτε
486 1038 591 1111 κύκλῳ.
608 1038 766 1108 -Ταύτην
788 1036 820 1109 δή
840 1041 890 1109 τήν
905 1039 994 1120 ἀρχὴν
1015 1048 1065 1110 τῆς
1082 1042 1227 1111 κινήσεως,

104 1139 164 1211 Ιήτις
178 1139 234 1196 ἐστὶ
248 1139 317 1195 κατὰ
335 1138 505 1218 ἀμφοτέρους
520 1136 583 1200 τούς
599 1135 763 1216 φιλοσόφους
779 1140 797 1208 ἡ
813 1139 901 1216 ψυχή,
918 1139 932 1193 ό
949 1139 998 1212 μὶν
1016 1137 1132 1195 Πλάτων
1147 1139 1229 1219 φησὶν

104 1238 292 1308 αὐτοκίνητον,
316 1238 330 1293 ό
351 1233 379 1293 δέ
398 1234 585 1315 Ἀριστοτέλης
606 1235 747 1306 ἀκίνητον.
765 1233 826 1291 Ὅτι
845 1233 874 1292 δέ
892 1233 933 1293 δεῖ
951 1236 1051 1308 ταύτην
1067 1239 1118 1308 τήν
1140 1238 1228 1317 ἀρχὴν

104 1346 153 1408 τῆς
173 1339 308 1408 κινήσεως
334 1336 513 1406 αὐτοκίνητον
537 1333 699 1406 δείκνυσθαι,
724 1337 770 1391 καὶΙ
791 1330 818 1400 ἐξ
842 1334 931 1390 αὐτῶν
952 1340 1008 1392 τῶν
1029 1334 1228 1415 Ἀριστοτέλους

104 1430 251 1511 δογμάτων
268 1433 363 1508 μάθοις
377 1431 408 1489 ἀν
424 1431 554 1489 ἐντεῦθεν·
572 1431 599 1488 έν
613 1439 677 1488 πᾶσι
692 1438 750 1495 τοῖς
766 1430 840 1488 οὖσιν
854 1432 904 1488 οὐκ
923 1433 1030 1508 ἀμέσως
1049 1436 1066 1504 η
1083 1432 1160 1513 φύσις
1175 1433 1228 1490 ἀπὸ

41 1537 81 1586 ι16
103 1537 151 1587 τοῦ
170 1531 291 1588 ἐναντίου
311 1531 353 1588 ἐπὶ
371 1531 401 1587 τό
421 1530 536 1587 ἐναντίον
554 1538 655 1610 χωρεῖ,
673 1533 731 1587 οἷον
747 1531 800 1587 ἀπὸ
815 1536 956 1611 χειμῶνος
972 1533 1008 1595 εἰς
1022 1532 1115 1611 δέρος,
1136 1532 1140 1610 Ι
1160 1530 1229 1588 ἀλλά

105 1628 147 1688 δεῖ
158 1631 265 1694 πάντως
278 1633 329 1701 τὴν
344 1630 482 1704 μεσότητα
494 1631 708 1707 προηγήσασθαι,
724 1629 785 1686 τοτὲ
798 1630 847 1704 μὲν
862 1626 920 1708 έαρ,
934 1631 996 1686 τοτὶ
1011 1628 1039 1687 δέ
1055 1631 1226 1709 μετόπωρον·

104 1731 148 1785 καὶ
167 1730 253 1793 οὕτως
275 1729 317 1786 ἐπὶ
338 1729 446 1785 πόντων
468 1728 603 1803 σωμάτων
622 1750 651 1785 τε
672 1730 717 1784 καὶ
736 1727 901 1803 ἀσωμάτων,
923 1729 972 1784 Καὶ
994 1727 1026 1799 δή
1049 1728 1094 1784 καὶ
1115 1727 1229 1786 ἐνταῦθα
1288 1765 1292 1775 ·

105 1825 183 1891 ἀντος
197 1832 244 1884 τοῦ
258 1829 457 1906 έτεροκινήτου,
475 1824 551 1890 όντος
568 1824 596 1882 δὶ
609 1829 654 1882 καὶ
667 1831 714 1882 τοῦ
729 1826 869 1900 ἀκινήτου,
884 1823 926 1882 δεῖ
942 1826 1032 1883 καὶτὸ
1049 1828 1130 1902 μέσον
1146 1828 1226 1898 εἶναι,

105 1924 191 1980 όέστι
205 1926 234 1980 τὸ
251 1924 439 1995 αὐτοκίνητον,
459 1923 488 1980 ἓν
505 1924 550 1979 καὶ
568 1922 664 1979 ταύτὸν
680 1922 710 1979 δν
731 1929 770 1997 τῷ
792 1923 900 2002 ἀριθμῷ
921 1923 966 1980 καὶ
986 1929 1024 2001 τῷ
1047 1924 1226 1999 ὑποκειμένῳ.

41 2028 70 2078 15
106 2020 139 2077 Ὃ
155 2022 207 2101 γάρ
229 2043 308 2102 φησιν
328 2019 516 2101 Ἀριστοτέλης
537 2020 726 2093 αὐτοκίνητον,
748 2023 806 2078 οἷον
828 2021 859 2077 τὸ
878 2023 959 2095 ζῷον,
979 2021 1029 2078 οὐκ
1049 2016 1106 2078 ἔστι
1127 2022 1157 2077 τὸ
1182 2027 1228 2078 νύν

104 2118 284 2198 προκεέμενον
296 2120 333 2186 εἰς
344 2122 466 2192 ζήτησιν·
484 2119 513 2176 ἐκ
525 2119 576 2199 γάρ
589 2124 638 2175 τού
653 2119 779 2190 ἀκινήτου
792 2120 837 2174 καὶ
851 2120 1038 2198 έτεροκινήτου
1052 2121 1228 2198 συγκειμένου

103 2217 164 2275 κατ’
183 2219 262 2276 αὐτὸν
282 2223 330 2274 τοῦ
353 2219 424 2291 ζῴου
443 2219 475 2274 τὸ
498 2215 564 2275 όλον
584 2218 666 2298 φησὶν
686 2217 865 2289 αύτοκένητον
884 2217 962 2275 εἶναι.
983 2215 1065 2276 ’Ὥστε
1084 2215 1161 2282 όντος
1181 2224 1228 2276 του

86 2317 192 2392 πάντη
214 2317 341 2387 ἀκινήτου
360 2318 418 2372 οἷον
437 2324 486 2387 τῆς
502 2316 611 2372 πάντων
628 2317 729 2397 ἀρχῆς,
750 2313 827 2380 ’όντος
842 2317 888 2372 καὶ
903 2321 952 2374 τοῦ
969 2318 1158 2394 έτεροκινήτου
1172 2321 1229 2374 οἷον

103 2424 158 2474 τῶν
176 2417 320 2493 σωμάτων,
342 2412 416 2474 ἔσται
436 2408 535 2490 μεταξύ
555 2416 602 2473 καὶ
623 2417 652 2472 τὸ
672 2416 859 2487 αὐτοκίνητον,
881 2415 946 2496 ὅπερ
966 2414 1043 2473 οὐδὲν
1064 2414 1135 2475 ἀλλο
1157 2412 1229 2474 ἔσται

41 2519 72 2569 20
104 2516 226 2596 ῆψυχή.
244 2514 278 2571 ‘¹0
292 2516 344 2595 γάρ
363 2513 395 2571 ἀν
414 2512 531 2589 εἰδῶμεν
551 2507 579 2580 ἐξ
597 2515 680 2571 αὑτοῦ
699 2514 867 2590 κινούμενον,
890 2514 970 2570 τοῦτό
991 2536 1082 2595 φαμεν
1103 2510 1228 2595 ἔμψυχον

104 2615 183 2685 εἶναι,
200 2615 239 2678 ὡς
253 2614 354 2686 ταύτης
375 2611 459 2684 ούσης
475 2612 579 2692 φύσεως
598 2616 700 2693 φυγῆς,
720 2618 767 2669 τοῦ
788 2613 872 2683 αὐτὴν
892 2613 988 2684 ἑαυτήν
1005 2619 1101 2671 κινεῖν.
1123 2611 1227 2694 ’Ὠσπερ

104 2710 150 2768 οὖν
170 2717 252 2791 τριῶν
274 2709 359 2769 όντων
381 2711 484 2768 τούτων
508 2709 584 2791 [τῶν]
607 2711 653 2767 καὶ
675 2711 745 2767 κατά
762 2711 808 2766 τὸν
832 2708 1031 2790 Ἀριστοτέλην,
1055 2717 1114 2784 νοῦ,
1139 2715 1224 2785 ζωῆς,

104 2808 191 2882 ὄντος,
211 2811 268 2879 καὶ,
288 2815 395 2889 πρῶτον
415 2811 452 2874 ὡς
473 2809 516 2866 ἐπὶ
532 2815 580 2866 τοῦ
600 2807 675 2872 όντος
696 2809 794 2880 εἰπεῖν,
815 2807 894 2872 ’όντος
914 2810 984 2874 τινός
999 2807 1071 2891 [τοῦ]
1084 2812 1227 2889 γινομένου

104 2908 147 2988 ἀφ’
166 2909 256 2987 έτέρου
274 2909 320 2965 καὶ
341 2908 372 2964 τό
394 2909 461 2964 εἶναι
480 2907 542 2987 παρ’
557 2907 647 2986 έτέρου
668 2904 829 2986 δεχομένου,
846 2903 916 2964 ἔστιν
936 2909 1053 2982 δέαυτῷ
1067 2908 1181 2989 παρέχει
1195 2911 1226 2966 τὸ

41 3009 70 3059 25
103 3008 182 3077 εἶναι,
199 3009 257 3064 οἷον
272 3009 286 3063 ὁ
300 3005 413 3086 οὐρανός
427 3007 471 3062 καῖ
487 3008 512 3063 οἳ.
528 3012 581 3078 νοῑ,
598 3007 665 3085 ἀπεφ
678 3005 757 3070 αὐτὸς
773 3005 862 3086 ὥσπερ
877 3007 918 3063 ἀεὶ
934 3004 998 3063 όντα
1013 3006 1132 3085 ἀγένητό
1146 3030 1227 3088 φησιν

105 3105 156 3161 ὑπὸ
171 3104 258 3174 πόσης
273 3102 359 3175 ἀλλης
373 3104 461 3168 αῑτέας
472 3104 513 3184 (ού
522 3105 573 3184 γάρ
584 3104 714 3181 βούλεται
724 3104 791 3161 αύτά
806 3102 869 3161 οὐδὲ
881 3104 941 3162 κατ’
952 3105 1036 3162 αἰτίαν
1050 3109 1226 3184 γεγενῆσθαι,

103 3203 193 3281 ὥσπερ
206 3200 267 3258 ούδὲ
281 3202 350 3258 κατὰ
364 3203 475 3281 χρόνον,
488 3199 553 3258 ἀλλ’
568 3203 616 3260 ἀτε
628 3203 669 3260 ἀεὶ
684 3200 748 3260 όντα
763 3203 882 3281 ἀγένητα
894 3203 963 3260 εἶναι
974 3204 1020 3260 καὶ
1035 3205 1140 3269 ἑαυτοῖς
1154 3202 1228 3262 αἴτια

41 3301 91 3350 δι’
102 3306 150 3357 τού
164 3301 257 3377 εἶναιή·
271 3301 316 3356 καὶ
330 3297 412 3356 πάλιν
428 3299 522 3364 ὡς’έπὶ
538 3308 588 3372 τῆς
606 3303 689 3372 ζωῆς,
706 3299 793 3358 όντων
808 3300 900 3381 ἀπαρ’
912 3301 1010 3381 έτέρων
1028 3302 1033 3380 Ι
1051 3302 1228 3383 καταδέχεται

133 3565 147 3615 7
164 3579 188 3616 ο.
204 3579 232 3630 g.
246 3564 369 3629 Metaph.
385 3566 536 3625 1118,1012
551 3565 566 3615 θ
580 3568 609 3617 31
672 3568 786 3631 oseem,
802 3581 827 3618 ο.
838 3583 865 3633 g.
880 3570 908 3619 in
925 3568 1086 3634 Cateyoriis
1149 3571 1179 3620 15
1193 3570 1228 3620 de

103 3640 162 3686 nat.
178 3651 257 3687 αυεσ
275 3637 368 3687 V1115
431 3637 678 3688 25d00ae10110

132 3769 194 3821 ΤΙΤ
216 3769 314 3838 5ἀρχὴ
333 3778 376 3835 τῆς
395 3770 517 3834 κινήσεως
537 3773 637 3839 ἡψυχὴ
652 3773 717 3823 κατὰ
733 3771 858 3824 Πλάτωνα
876 3774 1047 3837 αὐτοκίνητον,
1063 3776 1116 3826 κατ’
1135 3777 1227 3843 Ἀρισ-

100 3846 187 3905 τοτέλη
207 3841 365 3906 ἀκίνητονῦ
427 3842 458 3892 22
474 3846 519 3893 νοῦ
536 3850 600 3907 ζωῆς
620 3843 730 3902 όντοςῦ
794 3843 883 3895 26ό’
886 3847 1053 3912 Αριστοτέλης
1071 3849 1126 3897 κατ’
1146 3849 1226 3898 αἰτίαν

102 3917 143 3965 καὶ
160 3914 225 3964 κατὰ
242 3917 334 3981 χρόνον
351 3915 485 3978 ἀγέννητον
501 3910 656 3980 βούλεται
635 3934 677 3965 τον
697 3918 794 3980 κόσμον
815 3914 835 3965 C

132 4049 445 4116 Νῦ2αύτοῡήαύτῶνΑ
510 4053 571 4102 ἰέναι
589 4064 684 4115 Scnpsl
697 4052 837 4102 001115:
852 4049 991 4104 εἷναιΙίθῐί
1055 4052 1226 4107 3οι12τιΑ

163 4119 361 4186 4μήτε]μὴΜ
424 4120 528 4186 5ῐέναι]
546 4119 655 4174 εἷναιΜ
719 4123 845 4175 simei
910 4125 1025 4190 μὶνοω.
1046 4125 1074 4173 Μ
1140 4127 1171 4177 10
1187 4129 1227 4178 ἐπὶ

100 4192 138 4256 το]
156 4195 193 4244 ἐπ’
216 4194 244 4241 Μ
309 4191 339 4244 ll
357 4191 403 4258 δεῖ]
422 4192 452 4256 δὴ
472 4194 499 4243 Μ
567 4193 596 4243 17
614 4193 699 4259 αὐτόν]
717 4195 778 4245 αύτά
795 4195 822 4244 Μ
886 4195 946 4245 20”
935 4216 964 4248 αν
984 4209 1039 4246 om.
1060 4178 1116 4245 M
1154 4200 1227 4249 εἰδῶ-

102 4264 155 4326 μεν]
171 4267 269 4328 εἴδομεν
285 4264 312 4312 Μ
379 4265 455 4315 αὐτοῦ
471 4267 495 4312 Α
558 4264 589 4316 22
605 4274 654 4316 τῶν
671 4264 773 4315 seclusi
837 4268 879 4316 καὶ
898 4279 952 4317 om.
975 4265 1004 4314 M
1068 4266 1099 4316 23
1117 4272 1161 4320 τοῦ
1181 4281 1225 4319 se·

101 4334 171 4384 elusi
233 4333 479 4402 25ὣσπεροω.Μ
497 4334 628 4401 (ἀπερΑέ)
692 4334 723 4385 26
738 4334 777 4400 ου]
793 4336 880 4386 καὶΜ
944 4337 1116 4400 αἰτιανῙαῖτια
1134 4338 1163 4387 Μ

100 4407 131 4456 27
150 4407 203 4456 ἀλλ’
223 4405 275 4471 ἀτε]
293 4404 357 4458 ἀλλά
375 4406 406 4457 τά
426 4407 454 4455 Μ
518 4409 561 4457 καὶ
581 4411 677 4465 ἑαυτοῖς
695 4406 812 4471 scripsi:
834 4411 931 4467 ἑαυτοῖς
953 4409 994 4459 καὶ
1016 4406 1080 4458 libri
1144 4409 1176 4460 28
1192 4415 1226 4470 ὡς

102 4545 194 4598 ἀθάνατ
196 4567 224 4598 ον
287 4548 429 4615 ἄφθαρτον
474 4549 593 4613 ἀγένητον
658 4547 725 4616 ἀρχὴ
742 4547 865 4612 κινήσεως
929 4550 1091 4612 αὐτοκίνητον
1155 4517 1225 4634 ψυχή

135 4620 348 4669 κ
358 4612 997 4664 ww
1152 4657 1164 4665 .
