3120 5506
355 548 410 599 ωε·
431 549 491 598 τον
516 538 690 599 nmmos
712 546 854 598 οειιεωι
877 547 998 598 xxm
1193 557 1236 607 163

17 707 84 776 [119]
118 704 220 781 δυνηθῇ
238 709 294 761 τῶν
312 710 432 776 νοητῶν,
454 700 604 773 ἀόλαόὴς
624 705 698 778 μένει
715 709 802 761 πῖισαν
821 702 929 774 ἐκείνην
947 702 998 772 τὴν
1017 700 1154 781 περίοδον,
1175 724 1238 758 του·
1283 710 1290 746 ὃ

116 805 203 862 τίστιν
220 803 251 860 οὐ
270 803 362 860 πίπτει
380 803 417 867 είς
434 801 546 881 γένεσιν·
562 807 643 859 τοῦτο
658 802 709 881 γάρ
724 801 779 859 ἐστι
793 802 823 858 τό
838 803 1027 876 πημανθῆναι,
1043 801 1074 857 τό
1091 801 1128 864 είς
1140 799 1239 878 γίνοσιν

41 912 42 916 ’
116 909 220 961 πεσεῖν.
238 899 306 981 ’Όρα
325 899 353 958 δὲ
372 906 431 996 πῶς
451 896 569 981 ἀκριόῶς
588 902 635 959 καὶ
654 899 776 971 ἐνταῦθα,
797 900 835 964 ὡς
853 901 897 956 καί
917 899 944 956 ἐν
962 904 1020 962 τοῖς
1036 899 1174 976 ἀνωτίρω,
1190 901 1240 970 τὴν

117 999 245 1082 διαῳοράν
266 1003 335 1075 ἡμῖν
353 1005 408 1056 τῶν
427 1021 457 1056 τε
476 1001 559 1057 θείων
576 1001 621 1056 καὶ
639 999 816 1078 ἀνθρωπικῶν
832 1001 929 1079 ψυχῶν
947 995 1117 1077 παρίστησιν·
1140 996 1171 1053 οὐ
1189 997 1240 1075 γάρ

70 1101 86 1150 5
120 1098 216 1161 ἀπλῶς
236 1098 310 1156 εῖπεν
327 1122 341 1152 ι(
359 1097 403 1154 ἐάν
421 1097 544 1174 κατίδη
563 1119 593 1154 τι
613 1096 745 1176 (τουτέστι
765 1097 875 1178 μιρικθν
894 1097 939 1153 καῖ
957 1094 1071 1174 ἄτομον)
1090 1094 1135 1152 ὲάν
1154 1117 1179 1151 τι
1194 1092 1241 1151 οὖν

120 1197 146 1253 ἐν
160 1217 194 1272 τη
209 1196 283 1278 ἀρχῇ
297 1204 346 1268 τῆς
359 1195 484 1276 περιόδου
498 1194 629 1272 κατίδῃ,
647 1191 796 1268 ἀόλαόὴς
810 1194 876 1277 ἀχρι
889 1202 943 1267 τῆς
959 1195 1071 1273 ίτίρας
1084 1192 1242 1274 περιόδου

121 1294 205 1368 μίνει·
230 1317 244 1347 υ
273 1295 288 1349 ό
308 1295 358 1373 γάρ
382 1295 509 1369 θεσμὸς
532 1301 583 1365 τῆς
603 1291 816 1373 ι’Δδραστείας
839 1293 887 1355 τάς
912 1290 1043 1372 προόδους
1066 1291 1174 1348 πάντων
1198 1290 1243 1346 καὶ

119 1397 193 1449 θεῶν
213 1392 258 1448 καί
278 1395 375 1472 ψυχῶν
394 1387 651 1472 προκαταλαμόάνει
667 1393 713 1448 καὶ
732 1392 763 1448 τὸ
781 1398 920 1471 προσὴκον
942 1390 1046 1465 ἑκάστῳ
1068 1386 1242 1447 ἀποδίδωσιν·

48 1509 52 1517 ·
120 1490 166 1548 ἐάν
186 1491 234 1548 οὖν
255 1492 301 1548 καὶ
320 1492 351 1548 τὸ
370 1493 454 1572 τυχόν
472 1489 582 1568 κατίδῃ,
603 1490 763 1563 τηλικοῦτον
780 1491 861 1570 γέρας
884 1491 1050 1565 ἀπονέμεται
1072 1489 1151 1565 αὐτῇ,
1174 1488 1245 1545 ῶστε

59 1593 89 1642 10
121 1589 191 1662 όλην
211 1591 260 1660 τὴν
279 1587 404 1669 περίοδον
423 1589 479 1646 ἀνω
499 1590 590 1665 μένειν
609 1591 654 1646 καῖ
673 1586 887 1669 συμπεριπολεῖν
906 1594 963 1653 τοῖς
981 1594 1067 1654 Βεοῖς·
1085 1585 1177 1668 ἀνίχει
1195 1588 1246 1665 γάρ

122 1688 206 1759 αότὴν
223 1690 269 1745 καί
287 1692 305 1760 ἡ
322 1688 454 1760 οἰκειότης
473 1688 558 1760 αὐτῆς
577 1692 595 1759 ἡ
616 1689 683 1768 πρὸς
698 1689 748 1757 τὴν
762 1685 897 1767 περίοδον·
921 1686 1012 1766 ὥσπερ
1027 1688 1071 1742 καὶ
1086 1685 1200 1763 ἐνταῦθα
1213 1687 1246 1740 τά

123 1787 171 1861 μἐν
193 1786 257 1861 μίαν
275 1784 401 1867 περίοδον
418 1786 537 1858 ἡλιακὴν
558 1789 604 1862 ζῇ,
620 1786 652 1842 τά
672 1783 701 1842 δε
720 1782 779 1858 δύο,
800 1784 873 1843 ἀλλα
887 1783 922 1841 Δδέ
939 1806 999 1841 τινα
1014 1784 1131 1863 ἡμέραν,
1153 1781 1197 1839 διά
1215 1782 1247 1838 τδ

122 1890 156 1961 τῇ
178 1883 268 1958 τοιᾷδε
290 1884 365 1943 Ξιίσει
385 1891 439 1942 τῶν
461 1882 564 1964 ἀστρων
586 1884 747 1959 ᾠκειῶσθαι.
772 1885 821 1940 Καὶ
842 1881 970 1958 δαίμονες
991 1880 1020 1939 δέ
1041 1874 1109 1946 ίινες
1131 1881 1246 1962 ἀνοχαῖς

123 1982 277 2063 συνέχουσιν
292 1983 376 2055 αάτὴν
395 1985 434 2058 μὴ
451 1989 542 2041 πεσεῖν
562 1983 599 2047 εἰς
615 1983 728 2061 γένεσιν·
745 1982 836 2061 ῶσπερ
854 1979 887 2052 δὴ
904 1984 1014 2060 ὁρῶμεν
1028 1982 1073 2037 καὶ
1087 1979 1200 2037 ἐνταῦθα
1216 1980 1248 2036 τά

60 2085 90 2135 15
123 2081 216 2145 καλῶς
237 2082 321 2161 ρόντα
340 2081 465 2157 σώματα,
486 2081 536 2138 κάν
554 2086 645 2146 κακῶς
665 2078 801 2157 διαιτηθῇ,
822 2080 898 2155 όμως
915 2080 1019 2158 ὑγιεινὰ
1033 2076 1192 2153 διαμένοντα
1207 2075 1250 2134 διά

123 2182 174 2251 τὴν
189 2176 215 2245 ἐξ
232 2180 320 2261 ἀρχῆς
336 2179 424 2260 ῳόσιν·
441 2180 487 2236 καὶ
502 2180 600 2259 μιαράς
614 2200 686 2242 τινες
701 2175 810 2260 πράξεις
827 2177 1048 2259 ἐπιχειρήσαντες
1068 2184 1179 2248 ποιησαι
1198 2175 1249 2232 όπό

123 2299 205 2335 τινων
224 2278 334 2356 ἀγαθῶν
354 2276 490 2353 δαιμόνων
509 2277 685 2351 ἐκωλύθησαν
705 2276 787 2341 αότάς
808 2275 970 2335 ίπιτελίσαι·
993 2277 1080 2340 οὕτως
1101 2275 1149 2332 οὗν
1167 2274 1248 2343 καὶὴ

124 2378 199 2457 ψυχὴ
211 2379 228 2448 ἡ
241 2373 309 2443 ἀπαξ
326 2378 483 2453 θεασαμένη
496 2400 521 2434 τι
535 2382 591 2434 τῶν
606 2382 714 2449 νοητῶν
727 2377 871 2454 βοηθεῖται
885 2376 930 2432 καῖΙ
943 2375 1067 2455 ἀνέχεται
1082 2373 1133 2431 ὑπὸ
1144 2373 1251 2452 ἀγαθῶν

125 2473 322 2550 δαιμόνωνκαί
337 2475 448 2554 ἡρώων,
465 2475 535 2532 ὥστε
552 2475 591 2550 μή
606 2480 701 2532 πεσεῖν
717 2475 752 2540 είς
764 2474 868 2553 γίνεσιν
881 2471 908 2530 ίν
926 2471 1017 2550 ίκείνη
1036 2478 1070 2549 τῇ
1085 2469 1213 2552 περιόδῳ.

63 2639 94 2688 20
167 2626 227 2705 μβ’.
252 2625 349 2685 Ὅταν
371 2626 404 2685 δὲ
424 2627 657 2702 ἀδυνατὴσασα
678 2627 874 2686 ίπισπὲσθαι
896 2629 940 2703 μὴ
964 2624 1028 2706 ίδη]
1052 2626 1112 2686 248
1133 2625 1170 2686 C.

168 2766 263 2825 Πολλά
279 2765 350 2826 αίτια
365 2768 512 2848 καταλέγει
524 2777 574 2841 τῆς
591 2769 634 2826 ἐπὶ
647 2772 697 2842 τὴν
711 2771 814 2850 γένεσιν
830 2769 913 2842 αὐτῆς
928 2776 1023 2849 φοράς·
1039 2769 1089 2840 τήν
1104 2764 1253 2843 ἀδυναμίαν

128 2866 220 2937 αάτῆς,
241 2866 271 2922 τὸ
293 2867 331 2940 μή
353 2863 500 2938 δυνηθῆναι
519 2867 546 2924 ίν
566 2868 638 2948 ἀρχῇ
659 2878 709 2941 τῆς
726 2865 856 2948 περιόδου
874 2865 994 2925 κατιδεῖν
1013 2886 1038 2924 τι
1057 2870 1112 2924 τῶν
1132 2873 1251 2939 νοητῶν.

130 2969 240 3044 Πρῶτον
258 2964 304 3020 οὗν
318 2966 336 3034 ἡ
352 2962 489 3039 ἀδυναμία
502 2971 550 3022 τοῦ
570 2967 727 3025 συνέπεσθαι
741 2973 797 3031 τοῖς
817 2964 930 3030 ὀπαδοῖς
948 2972 1003 3023 τῶν
1024 2970 1109 3024 Ξεῶν·
1130 2963 1253 3045 δεότερον

61 3058 66 3070 ’
128 3062 159 3119 τὸ
182 3064 220 3136 μὴ
244 3059 394 3134 δυνηθῆναι
418 3063 502 3134 αὐτὴν
524 3062 589 3121 ἰδεῖν
610 3086 635 3121 τι
656 3071 711 3122 τῶν
733 3070 849 3137 νοητῶν·
872 3066 962 3145 τρίτον
982 3065 1027 3121 καί
1047 3067 1065 3136 ἡ
1083 3062 1252 3144 συντυχίαι

66 3167 97 3217 25
131 3161 198 3232 αὕτη
223 3157 252 3217 δέ
275 3158 344 3216 ἐστιν
367 3163 385 3230 ἡ
411 3158 548 3235 δαιμόνων
571 3169 651 3219 τινῶν
675 3163 834 3236 συνάντησις
857 3169 1026 3233 κακοποιῶν,
1051 3161 1089 3226 ὡς
1114 3163 1145 3219 τὸ
1172 3161 1253 3225 εἰκός·

130 3258 269 3314 ἀποστᾶσα
285 3258 336 3338 γάρ
355 3263 409 3315 τῶν
428 3257 538 3317 όπαδῶν
555 3265 628 3318 θεῶν
641 3260 796 3341 περιπίπτει
810 3259 935 3338 δαίμοσιν
951 3263 977 3318 οῖ
991 3262 1035 3317 καῖ
1049 3261 1098 3324 τάς
1114 3257 1257 3333 ἐπιθυμίας

131 3355 213 3427 αὐτῆς
234 3356 280 3422 τάς
300 3357 363 3435 περὶ
382 3359 432 3428 τὴν
451 3359 553 3436 γίνεσιν
575 3357 741 3425 ἐξάπτουσιν·
766 3360 857 3440 ὥσπερ
878 3357 911 3430 δὴ
934 3361 978 3415 καί
1001 3358 1114 3415 ἐνταῦθα
1134 3360 1256 3437 ὁρῶμεν,

132 3452 159 3511 ἐν
178 3454 234 3529 ὅσῳ
255 3456 304 3530 μἐν
323 3456 464 3513 συνέπεταί
482 3478 522 3521 τις
542 3463 581 3532 τῷ
598 3456 752 3533 διδασκάλῳ
768 3459 921 3538 (Σωκράτει
937 3457 1001 3540 ρίρε
1020 3458 1037 3528 ἡ
1054 3455 1130 3531 ἀλλῳ
1144 3461 1257 3538 χρηστῷ

132 3549 296 3629 διδασκάλῳ)
319 3551 433 3627 κόσμιός
460 3575 489 3611 τε
512 3555 556 3611 καί
583 3554 702 3627 ἐπιεικὴς
725 3556 829 3635 γίντται
855 3556 899 3613 καὶ
926 3550 1132 3632 μεταλαμόάνει
1158 3553 1259 3632 ἀγαθοῦ

69 3660 100 3709 311
132 3650 212 3714 τινός·
234 3649 279 3706 ίάν
299 3648 328 3707 δὲ
345 3651 450 3727 ἀποστῇ
471 3658 518 3708 τοῦ
539 3650 713 3728 διδασκάλου,
734 3654 926 3736 περιτυγχάνει
945 3651 1104 3717 ἀκολάστοις
1120 3653 1166 3708 καί
1184 3651 1259 3708 ἀναι·

134 3746 204 3804 δὲσιν
223 3748 383 3828 ἀνθρώποις,
401 3750 427 3807 οί
445 3749 524 3808 αὐτὸν
539 3751 582 3810 ἐπὶ
599 3754 647 3817 ταῖς
664 3753 787 3819 ἐναντίας
803 3753 951 3832 ἐγείρουσιν
966 3752 1115 3827 ἐπιθυμίας.
1128 3750 1260 3830 Τέταρτον

136 3844 222 3904 αίτιον
244 3849 262 3918 ἡ
285 3845 370 3919 λὴθη
392 3848 500 3906 πάντων
521 3856 576 3907 τῶν
598 3856 705 3923 νοητῶν
727 3852 809 3922 καὶὴ
831 3850 917 3923 αὐτῆς
938 3850 1094 3931 ἒτεροποιδς
1116 3848 1161 3906 καί
1183 3870 1260 3927 γενε-

135 3943 258 4026 σιουργός
277 3944 390 4022 δύναμις
413 3949 584 4029 βαρυνομένη
608 3949 705 4008 λοιπόν
724 3948 772 4028 Ικαί
793 3950 938 4023 πλὴθουοα
960 3950 1010 4026 μὲν
1031 3954 1078 4007 τοῖι
1099 3956 1148 4019 τῆς
1171 3947 1261 4020 λὴθης

135 4045 258 4120 πόματος
278 4044 323 4102 καί
343 4045 393 4102 όσα
410 4052 465 4104 τῶν
483 4054 533 4118 τῆς
553 4046 685 4126 γενέσεως
707 4045 825 4124 δεσμῶν,
847 4046 1003 4120 ἀποστάσης
1022 4046 1050 4106 δὲ
1063 4048 1109 4104 καὶ
1121 4045 1261 4117 παντελὴς

74 4150 104 4201 35
136 4142 208 4216 λήθη
223 4149 277 4200 τῶν
291 4150 408 4216 νοητῶν.
430 4145 502 4217 Αὕτη
524 4145 575 4226 γάρ
595 4146 664 4204 ἐστιν
685 4147 769 4219 αὐτῆς
788 4147 807 4218 ἡ
827 4142 928 4205 κακία
946 4151 965 4219 ἡ
984 4148 1029 4203 καί
1047 4151 1161 4204 ποιοῦσα
1181 4145 1264 4215 αὐτὴν

170 4351 217 4403 NC
233 4354 247 4403 4
265 4354 428 4419 ἀνθρωπικῶν
446 4354 506 4401 ΑΗ
530 4365 599 4403 uum
620 4354 781 4421 ἀνθρωπίνων
846 4354 967 4418 ἀκατίδη
989 4356 1011 4404 τί
1031 4357 1057 4403 Λ-
1120 4354 1148 4402 13
1166 4353 1264 4420 ἀστρων

139 4427 194 4475 M:
215 4427 325 4491 ἀστέρων
345 4423 375 4474 Μ
440 4425 545 4488 ἀνοχαῖς
560 4425 588 4474 Μ
610 4438 616 4474 τ
637 4423 772 4493 ἀνοχαῖςΑ
838 4426 869 4476 16
888 4425 1004 4490 ποιῆσαι]
1025 4427 1150 4477 ποιεῖσθαι
1172 4422 1201 4475 Μ

140 4496 170 4547 18
183 4499 242 4546 τιἈ
304 4494 535 4556 2οὅταν,όευοι·.
551 4499 574 4546 Α
639 4496 669 4548 21
684 4498 771 4563 φορᾶςί
787 4498 878 4564 φθορᾶς
894 4496 922 4547 M
988 4495 1264 4565 231οι1.πρωτσνω1ν

140 4570 281 4627 <αῖτιον>
344 4567 374 4616 24
391 4565 483 4633 τρίτον]
499 4570 567 4631 τρίτη
586 4569 614 4617 M
679 4570 710 4618 25
728 4568 877 4633 σννάντησις
892 4583 948 4620 om.
965 4568 993 4618 M
1058 4568 1088 4619 26
1106 4571 1148 4620 καῖ
1163 4582 1217 4619 om.
1235 4566 1263 4619 Μ

201 4638 232 4687 27
249 4635 344 4704 ὥσπερ]
360 4635 424 4689 ὥστε
437 4637 466 4687 Μ
531 4639 562 4688 32
578 4640 678 4690 πάντων
694 4639 810 4704 scripsit
825 4639 905 4716 πάντη
918 4640 981 4691 libri
1045 4639 1075 4690 33
1092 4640 1223 4703 πλήθουσα
1235 4656 1264 4677 ·-’

141 4712 170 4760 35
187 4718 282 4773 νοητῶν
298 4714 440 4772 corruptus
457 4708 535 4760 locus
599 4711 628 4761 ³⁴
646 4713 787 4770 ἀπόστασις
801 4709 831 4762 M
846 4713 920 4776 quod
936 4725 1033 4763 verum
1049 4710 1157 4763 videtur
