3164 5512
330 465 376 516 ιιι
620 442 622 444 ’
699 455 840 507 mmor
860 455 1057 506 ψιιοεοψοι

232 613 317 679 [193]
371 607 424 699 σς’.Ἰ
447 580 533 666 Ἀλλ’
555 610 623 666 οὐκ
635 609 670 666 ἀν
692 611 866 690 ἀγροίκως]
889 612 948 670 268
971 611 1010 669 Ι).

369 751 492 807 Τουτέστι
506 748 625 817 δικαίως.
640 787 678 795 -
694 751 935 832 Λοιδυρησειαν
954 750 1028 808 ἀλλ’
1048 752 1154 832 ὥσπερ
1175 754 1210 810 ἁν
1229 755 1405 829 μουσικός·
1424 756 1453 811 τό

328 849 421 926 τρίτον
437 847 590 928 ὑπόδειγμα
600 849 684 928 λέγει,
699 851 741 908 ότι
753 851 804 908 οόκ
816 850 871 907 ἔστι
883 856 962 908 τοῦτο
976 851 1089 929 ἁρμονία
1102 851 1131 907 τό
1145 851 1284 910 ἐπιτείνειν
1295 855 1342 910 καὶ
1354 853 1453 911 ἀνιέναι

328 945 375 1009 τάς
396 945 512 1027 χορδὰς,
534 946 601 1005 ἀλλά
622 950 652 1004 τό
674 948 799 1007 δύνασθαι
821 957 884 1014 ταῖς
910 949 1053 1028 ἁρμονίαις
1078 953 1196 1028 χρῆσθαι
1219 951 1384 1031 προσφόροις
1409 951 1452 1006 καὶ

282 1045 296 1093 5
330 1042 464 1102 δύνασθαι
474 1046 542 1103 όπου
558 1049 606 1121 μέν
621 1047 813 1106 καταστέλλειν
828 1048 860 1104 τά
875 1048 960 1120 πάθη,
977 1048 1045 1104 ὅπου
1061 1045 1089 1104 δέ
1104 1047 1256 1127 διεγείρειν.
1275 1049 1305 1105 Ἡ
1321 1050 1371 1129 γάρ
1388 1072 1452 1126 μου·

329 1146 389 1216 σικὴ
416 1147 515 1225 χρῆσίς
543 1145 598 1204 έστι
623 1146 723 1205 τοιάδε·
752 1147 890 1222 ἐπιστήμη
916 1147 1073 1227 θεωρητικὴ
1100 1148 1146 1203 καὶ
1170 1149 1304 1227 πρακτικὴ
1331 1157 1381 1218 τῆς
1397 1154 1451 1205 τοῦ

327 1244 502 1322 ἡρμοσμένου
518 1245 624 1325 φύσεως
640 1249 782 1326 προσθήκη
798 1247 913 1321 κόσμου.

368 1397 418 1469 σζ’.
442 1402 477 1459 Τί
501 1399 534 1458 δέ
556 1404 610 1460 τὸν
634 1401 819 1483 μελίγηρυν
841 1399 1030 1482 Ἄδραστον]
1053 1379 1116 1460 269Ι
1133 1401 1170 1461 Α.

368 1526 472 1610 (Ὠσπερ
492 1531 615 1610 ἀνωτέρω
635 1531 778 1604 ἐπέστησεν
800 1532 836 1596 είς
852 1532 886 1588 τά
904 1533 955 1611 πρὸ
974 1540 1023 1603 τῆς
1045 1532 1164 1609 ἰατρικῆς
1182 1531 1226 1587 καὶ
1244 1540 1392 1602 ποιητικῆς
1407 1532 1451 1587 καὶ

267 1632 296 1683 10
329 1632 479 1707 ἁρμονικῆς
495 1630 595 1711 τέχνης
613 1631 676 1695 τοὺς
697 1627 819 1711 ἀκριόεῖς
833 1633 971 1712 τεχνίτας,
989 1631 1075 1695 οὕτως
1091 1632 1135 1687 καὶ
1150 1629 1265 1688 ἐνταῦθα
1278 1638 1337 1696 τοῖς
1354 1630 1451 1695 ἁπλοῖς

329 1724 488 1806 λεγομένοις
512 1729 636 1808 ῥήτορσιν
659 1729 750 1802 έπιστᾷ
771 1731 817 1785 τὸν
839 1727 984 1809 ’Ἄδραστον
1005 1729 1115 1785 καὶτὸν
1138 1729 1282 1808 Περικλέα·
1307 1730 1382 1785 οὗτοι
1403 1730 1451 1808 γάρ

328 1826 446 1904 ἐγένοντο
469 1827 594 1907 ῥήτορες,
618 1829 667 1884 ούκ
688 1829 762 1907 ὀρθοί
784 1829 832 1903 μὲν
855 1827 928 1891 οίους
950 1825 1024 1905 λέγει
1045 1825 1172 1898 Πλάτων,
1196 1826 1270 1884 ἀλλά
1292 1836 1344 1898 τῆς
1369 1829 1452 1902 μέσης

328 1923 484 2004 ῥητορικῆς,
502 1928 529 1983 οί
545 1928 616 2001 μήτε
635 1928 667 1984 τά
680 1927 752 1998 πὰθη
769 1927 966 2006 θεραπεύοντες
982 1932 1029 1982 τοῦ
1045 1923 1135 2000 δήμου
1151 1927 1221 2000 μήτε
1236 1933 1358 1982 τοιοῦτοι
1377 1925 1450 1989 οίους

328 2024 408 2103 ιρησῖν
427 2026 440 2080 ό
463 2023 577 2081 Πλάτων
598 2025 665 2104 πρὸς
687 2023 818 2096 ἀλήθειαν
837 2024 996 2099 ποιούμενοι
1013 2023 1075 2089 τους
1094 2022 1189 2102 λόγους
1207 2026 1252 2080 καί
1272 2024 1392 2102 ἀγαθοὺς
1407 2026 1452 2082 καὶ

267 2135 295 2184 15
327 2119 428 2187 καλούς
441 2122 504 2185 τοὺς
519 2122 676 2187 πολίτας...

369 2275 424 2348 ση’.
450 2275 548 2335 Ἀλλὰ
570 2275 817 2359 συγγινώσκειν]
840 2278 898 2335 269
921 2276 957 2335 B.

326 2422 329 2435 ¹
367 2411 488 2469 Τουτὲστι
509 2411 675 2490 συγγνώμην
696 2412 842 2487 ἀπονεῖμαι
862 2412 979 2475 τούτοις·
1004 2412 1037 2468 τά
1060 2412 1110 2490 γάρ
1132 2413 1318 2490 ἁμαρτήματα
1342 2412 1457 2468 ἀκούοιτ’

329 2508 383 2565 ἐστι
397 2509 465 2566 κατὰ
480 2509 621 2569 Πλάτωνα.

368 2647 420 2708 σθ’.
445 2646 483 2704 Εί
503 2669 590 2713 τινες
614 2650 657 2722 μή
681 2647 901 2723 ἐπιστάμενοι
922 2645 1147 2725 διαλέγεσθαι]
1170 2648 1228 2705 269
1252 2645 1289 2705 Β.

265 2798 296 2846 20
370 2785 413 2848 Είς
433 2786 482 2855 τὴν
504 2783 675 2855 διαλεκτικὴν
696 2782 774 2840 πάλιν
793 2784 866 2865 ρέρει
886 2783 950 2848 τούς
972 2783 1102 2862 ῥήτορας·
1124 2780 1239 2861 ἤρτηται
1258 2782 1309 2860 γάρ
1329 2791 1381 2853 τῆς
1400 2780 1461 2839 δια·

329 2880 456 2954 λεκτικῆς
476 2886 493 2954 ἡ
515 2882 657 2962 ῥητορική·
680 2882 746 2953 αιίτή
766 2883 852 2962 γὰρὴ
875 2880 1029 2952 διαλεκτικὴ
1050 2883 1096 2937 καὶ
1116 2881 1163 2944 τὰς
1184 2881 1276 2960 ρύσεις
1293 2879 1397 2960 διαιρεῖ
1416 2885 1462 2938 καὶ

328 2982 391 3046 τοὺς
413 2980 522 3059 λόγους.
540 3016 578 3024 -
593 2982 632 3038 Τὸ
656 2979 689 3038 δὲ
708 2979 830 3038 ’έκαστα
850 2981 975 3037 τούτων
996 2985 1155 3050 πιθανῶς,
1177 2981 1315 3036 τουτέστιν
1339 2979 1366 3036 έν
1386 2974 1462 3046 τάξει

222 3090 313 3140 1·84ν·
330 3078 418 3158 λέγειν
440 3080 483 3136 καί
505 3079 667 3158 συμμέτρως
687 3082 731 3136 καί
752 3081 790 3145 ὡς
810 3078 862 3138 δεῖ.
884 3115 923 3123 -
945 3080 950 3157 ]
974 3079 1021 3142 Ὡς
1040 3077 1135 3135 οὐδέν
1154 3074 1248 3156 ἔργον
1271 3074 1318 3133 όν·
1344 3081 1392 3135 καί
1415 3077 1461 3158 ἀρ’

329 3180 430 3236 ίαυτῶν
450 3177 604 3253 δυναμένων
624 3184 707 3235 ταῦτα
728 3175 818 3257 λέγειν
839 3176 898 3234 δέον
917 3178 1024 3253 μᾶλλον
1043 3184 1126 3233 ταῦτα
1145 3175 1312 3255 παραδοῦναι
1330 3175 1462 3234 καταλεί-

266 3297 297 3345 25
328 3297 408 3334 πουσι
425 3283 483 3340 τοῖς
506 3279 653 3352 μαθηταῖς.
670 3313 710 3322 -
729 3277 764 3334 Τό
784 3275 811 3334 δέ
830 3281 972 3340 πιθανῶς
992 3274 1104 3354 λέγειν
1125 3273 1187 3332 ἀνευ
1205 3281 1253 3331 τοῦ
1272 3273 1397 3347 ἀληθοῦς
1413 3276 1463 3332 οὐκ

329 3373 474 3455 ἐνδέχεται.

369 3515 414 3576 σι’.
438 3515 537 3573 'mi
562 3517 625 3590 μὴν
647 3515 669 3571 ὦ
694 3516 877 3596 Σώκρατες]
901 3517 960 3573 269
983 3515 1019 3572 C.

370 3647 477 3717 Ἐπειδὴ
499 3649 529 3705 ού
551 3649 633 3724 μόνον
652 3647 691 3705 δεῖ.
710 3650 744 3704 τά
762 3655 817 3704 τῶν
837 3646 931 3704 ἀλλων
951 3647 1077 3725 ἀναιρεῖν,
1099 3643 1228 3700 ἀλλὰκαὶ
1248 3645 1281 3699 τὰ
1298 3641 1358 3700 ίδια
1374 3667 1462 3703 κατα-

327 3844 397 3966 871ρ)
407 3843 533 3964 Πράτωνα
547 3842 630 3907 δορὴ.
642 3843 689 3892 230
701 3846 739 3901 Α;
752 3843 814 3905 Πομ.
828 3841 867 3890 lx
880 3841 925 3890 861
939 3840 972 3899 03
989 3838 1069 3903 Apol.
1084 3840 1115 3889 26
1126 3842 1163 3897 Α;
1179 3837 1257 3889 Prot.
1271 3839 1317 3888 345
1331 3839 1356 3888 D
1364 3857 1370 3900 ;
1390 3839 1453 3890 Tim

412 3929 428 3965 a
443 3953 449 3964 .

360 4037 421 4086 ΤίΤ
439 4036 467 4085 17
484 4038 515 4088 τά
531 4036 696 4103 ἁμαρτήματα
710 4032 819 4086 ἀκούσια
834 4035 899 4085 κατὰ
912 4032 1037 4083 Πλάτωνα
1052 4032 1073 4083 C

361 4154 407 4204 ΝΟ
424 4153 437 4204 l
456 4155 519 4214 ἀλλ’,
541 4155 556 4204 ἀ
576 4154 651 4204 rubr.
665 4156 688 4203 A
752 4151 972 4218 ἓλωιδωρήσειαν
986 4148 1052 4211 (sic)
1067 4153 1103 4199 A·
1168 4150 1292 4208 4ταῖς-
1308 4147 1463 4202 ὀδύνασθαι

329 4239 382 4276 om.
405 4225 458 4275 ME
522 4225 795 4289 ὃμὲν-ὃπουόιῑι.
814 4222 867 4273 ME
932 4221 1066 4286 θέ]δεῖΜ
1131 4221 1360 4282 8τί,τι“ιιί)1·.Α
1428 4220 1464 4285 δὲ]

708 4307 753 4337 ’δέ

329 4354 369 4402 δαὶ
385 4349 454 4400 ΡΙιιι.
471 4350 531 4400 cod.
545 4350 568 4399 T
634 4353 767 4416 μελίγηρυν
778 4353 802 4398 Α
867 4347 894 4397 11
914 4348 1002 4416 ἐπισπᾷ
1018 4362 1023 4395 :
1040 4346 1109 4397 illud
1125 4352 1290 4404 monstrum,
1306 4359 1343 4396 ex
1361 4347 1464 4396 aoristo

329 4426 450 4486 ἐπέστησε
470 4430 575 4480 natum,
596 4421 718 4471 Hermiae
738 4421 789 4484 ipsi
811 4419 920 4469 videtur
940 4410 1117 4469 tribuendum
1188 4421 1217 4467 15
1239 4418 1318 4468 deest
1342 4420 1463 4468 verbum

392 4495 422 4543 16
442 4495 514 4554 ἀλλά,
538 4496 554 4544 ἀ
576 4493 651 4542 rubr.
674 4497 695 4541 Α
766 4491 965 4556 συγγιγνώσκειν
986 4490 1056 4540 Plat.
1127 4490 1155 4539 17
1176 4487 1284 4553 τούτοις]
1303 4486 1413 4548 τούτους
1433 4489 1461 4538 Μ

392 4564 422 4614 19
439 4567 462 4615 εἴ
484 4565 557 4614 rubr.
580 4568 625 4613 Λι
649 4564 674 4614 οἴ
696 4564 723 4612 Μ
789 4563 818 4613 23
839 4566 917 4620 ὼςεθ
937 4562 1038 4612 ὄνοιιι.
1061 4561 1130 4611 Plat.
1150 4561 1228 4612 codd.
1251 4559 1299 4610 BT
1365 4560 1399 4610 24
1422 4552 1463 4624 ἀφ’

330 4634 435 4701 ἑαυτῶν]
447 4637 528 4687 αὐτῶν
540 4635 593 4685 ΜΕ
607 4636 674 4702 (παρ’
688 4639 782 4687 ἑαυτῶν
799 4634 878 4697 Plat.)
942 4633 973 4684 27
990 4635 1063 4694 ἀλλά,
1080 4637 1096 4685 ἀ
1111 4633 1185 4683 rubr.
1197 4636 1219 4681 Α
