3150 5504
356 487 411 540 ΕΙΣ
432 489 494 539 TON
517 489 692 541 ΠΛΑΤΩΝΟΣ
714 492 857 544 ΦΑΙΔΡΟΝ
880 494 1001 545 xxciii
1200 508 1245 558 103

17 653 81 720 '1141
115 651 209 730 ἔχεται
227 648 258 705 τὸ
280 646 358 704 διότι·
382 645 412 703 ἐκ
433 646 484 726 γὰρ
504 644 606 718 αὐτῆς
627 647 720 712 οὐσίας
741 648 827 720 αὐτῆς
847 644 908 730 ἔχει
926 649 957 706 τό
973 649 1135 724 ὐθόνατονή
1155 655 1242 733 ψυχή.

116 748 172 826 Πρὸ
189 755 239 819 τῆς
259 745 306 803 οὐν
326 744 528 824 ἀνεπτυγμὲνης
546 747 591 801 καὶ
609 744 778 826 διῃρημένης
797 748 841 803 καί
856 745 1060 823 ἀνηπλωμένης
1076 746 1244 818 ἀποδείξεως

116 846 146 902 τό
162 843 408 923 συνεσπειραμὲνον
425 845 470 909 καὶ
485 845 554 917 ὁμοῦ
576 845 606 900 τὸ
623 843 664 900 ότι
684 845 714 900 τὸ
734 843 801 901 διότι
819 844 948 926 περιέχον
965 848 1127 926 προσέθηκε,
1147 849 1198 905 iio
1218 848 1246 907 δέ

116 945 168 1003 εἶσι
183 942 363 1022 συλλογισμοὶ
383 942 495 999 ἔνταύθα
509 941 702 1018 ἀποδεικτικοὶ,
719 941 752 999 δι’
767 944 836 1015 ὧνή
853 951 902 1014 τῆς
921 947 1012 1024 ψυχῆς
1032 946 1161 1004 ἀθανασία
1180 947 1246 1004 ἀπο-

67 1049 83 1096 5
117 1041 259 1114 δείκνυται,
283 1040 324 1098 ἐπ’
343 1040 451 1106 εὐθείας
473 1039 649 1114 δεικνύμενοι,
675 1043 713 1104 εἷς
735 1039 764 1098 δὲ
786 1038 873 1106 ἀλλος
894 1043 908 1097 ό
926 1040 970 1100 διὰ
989 1052 1040 1114 τῆς
1059 1045 1096 1106 είς
1117 1043 1245 1102 ἀδύνατον

117 1142 276 1219 ἀπαγωγῆς.
295 1138 381 1197 Ἀλλὰ
401 1136 445 1194 διὰ
458 1138 485 1195 τί
500 1144 629 1204 τοσοῦτος
646 1140 729 1196 ὁτῶν
744 1137 935 1217 συλλογισμῶν
950 1141 1081 1219 ἀριθμός;
1099 1142 1129 1199 οὐ
1144 1144 1196 1222 γὰρ
1212 1140 1243 1216 δή

117 1238 212 1302 ἁπλῶς
232 1236 340 1309 πλῆθος
361 1236 582 1316 ἐπιχειρημάτων
604 1236 726 1294 ἐκθέσθαι
750 1234 879 1314 βούλεται
902 1236 932 1316 (ή
954 1240 1006 1318 γὰρ
1028 1238 1059 1296 iv
1081 1242 1126 1297 καὶ
1147 1239 1245 1305 ἀλλοις

117 1337 242 1396 πλείοσιν
271 1336 408 1417 ἐχρήσατο
437 1336 474 1399 ὡς
502 1335 528 1392 ἐν
554 1334 729 1415 Φαίδωνι),
759 1334 825 1394 ἀλλ’
850 1336 961 1402 οίκείως
990 1337 1117 1410 δηλονότι
1147 1340 1245 1418 ἒκιίστη

117 1434 291 1516 πραγματεία
314 1441 428 1516 χρῆται,
453 1439 506 1492 Νῦν
528 1435 579 1513 γὰρ
604 1436 640 1499 ὡς
664 1433 780 1510 είπομεν
803 1435 833 1492 ἐκ
855 1443 906 1507 τῆς
933 1435 1026 1504 οὐσίας
1047 1439 1092 1496 καὶ
1113 1444 1166 1495 τῶν
1186 1438 1246 1496 καθ’

52 1538 85 1590 10
116 1535 184 1591 αὐτὰ
206 1533 383 1615 ὑπαρχόντων
406 1537 440 1608 τῇ
461 1535 537 1612 ψυχή
560 1532 635 1613 φέρει
653 1533 685 1590 τὰ
705 1533 916 1614 ἐπιχειρήματα·
939 1536 1010 1616 φημί
1029 1536 1057 1595 δὲ
1076 1536 1129 1611 ότι,
1151 1534 1245 1608 ἐπειδὴ

116 1633 258 1712 πρόκειται
273 1631 405 1688 ἀθάνατον
420 1626 504 1698 δεῖξαι
516 1633 565 1703 τήν
577 1634 679 1712 ψυχήν,
693 1631 739 1688 ἐὰν
751 1629 868 1708 εἰδῶμεν
882 1633 963 1691 πόσοι
977 1635 1071 1714 τρόποι
1085 1636 1136 1692 είσί
1150 1639 1248 1716 φθορᾶς

117 1732 162 1787 καί
181 1724 360 1804 ἐπιδείξωμεν
380 1728 423 1784 ότι
444 1728 504 1785 κατ’
527 1725 622 1786 οὐδένα
643 1729 731 1786 αὐτῶν
750 1729 888 1811 φθείρεται
905 1736 923 1803 ή
940 1734 1028 1813 ψυχή,
1045 1731 1197 1816 δεδειχότες
1216 1732 1247 1790 ἀν

120 1826 219 1903 είημεν
236 1829 277 1886 ότι
294 1826 431 1908 ἀφθαρτός
452 1827 507 1884 ἐστι
521 1830 565 1885 καί
580 1828 747 1909 ἀνώλεθρος,
763 1831 808 1886 καί
822 1828 908 1901 δῆλον
923 1830 965 1887 ότι
979 1832 1123 1897 ἀθάνατος.
1142 1839 1196 1889 Πᾶν
1212 1829 1246 1904 δή

119 1929 149 1984 τὸ
169 1927 347 2006 φθειρόμενον
367 1924 451 2007 διχῶς
472 1925 617 2007 φθείρεται·
639 1927 657 1997 ἢ
677 1929 728 2007 χὰρ
748 1927 813 1984 αὐτὸ
834 1928 877 2009 ὑφ’
897 1930 992 1988 ἑαυτοῦ
1010 1929 1052 1988 διὰ
1065 1932 1115 2002 τήν
1129 1929 1156 1987 ἐν
1174 1930 1247 2005 αὐτῷ

54 2031 86 2082 15
120 2026 201 2097 ὕλην,
223 2025 240 2096 ἢ
265 2020 376 2091 ἔξωθεν·
401 2026 460 2081 οἷον
481 2024 511 2080 τὸ
539 2020 621 2091 ξύλον
645 2027 691 2083 καί
714 2027 843 2101 κείμενον
869 2028 952 2102 μόνον
973 2029 1106 2110 φθείρεται
1130 2027 1174 2085 διά
1199 2029 1249 2100 τήν

121 2124 147 2180 ἐν
164 2123 237 2197 αὐτῷ
257 2121 392 2194 σηπεδόνα
413 2122 451 2202 (ἐν
472 2125 559 2197 ἑαυτῷ
579 2124 630 2204 γὰρ
650 2121 710 2205 ἔχει
728 2125 759 2181 τό
781 2123 868 2182 αίτιον
889 2135 939 2197 τῆς
961 2130 1069 2208 φθορᾶς·
1093 2128 1132 2192 ὡς
1153 2128 1199 2184 καί
1220 2127 1248 2184 iv

121 2220 284 2291 Πολιτεία
305 2220 378 2278 ε’ίπεν
397 2219 437 2276 ότι
455 2227 508 2277 πᾶν
528 2220 559 2277 τὸ
579 2221 756 2301 φθειρόμενον
774 2223 825 2279 ὑπὸ
844 2231 895 2295 τῆς
913 2224 1015 2288 οἰκείας
1030 2225 1128 2289 κακίας
1145 2222 1249 2306 φθείρτ·

120 2319 187 2398 ται),
204 2320 222 2391 ἣ
239 2318 347 2386 ἔξωθεν·
364 2318 473 2376 δύναται
485 2320 536 2399 γὰρ
549 2321 596 2376 καί
611 2328 780 2392 κατακαῆναι
797 2322 843 2379 καὶ
862 2326 1073 2402 καταπρισθῆναι
1090 2323 1142 2380 θπό
1161 2346 1245 2388 τινος.

121 2417 227 2489 Ἐπειδὴ
249 2417 297 2474 οὐν
316 2415 364 2475 δύο
381 2419 477 2497 τρόποι
497 2419 545 2475 εἶσί
560 2421 669 2499 φθορᾶς,
692 2417 734 2476 διά
753 2425 834 2477 τοῦτο
848 2422 892 2477 καί
907 2419 954 2478 δύο
967 2420 1146 2500 συλλογισμοί
1162 2418 1248 2490 ἑξετί·

17 2539 37 2588 ρ.
56 2521 103 2573 115
121 2521 216 2590 θησαν·
238 2518 252 2573 δ
273 2517 322 2592 μὲν
341 2517 393 2596 γὰρ
414 2514 541 2574 δείκνυσιν
563 2517 568 2596 Ι
591 2517 633 2585 ότι
653 2516 710 2573 οὐτ’
731 2512 759 2583 ἐξ
777 2520 875 2590 ἑαυτῆς
893 2519 1030 2600 φθείρεται
1047 2524 1064 2591 ἡ
1079 2523 1165 2600 ψυχή,
1183 2521 1248 2602 ὅπερ

123 2616 166 2674 διὰ
186 2621 234 2672 τοῦ
256 2615 433 2686 αὐτοκινήτου
459 2613 575 2672 δείκνυσι
595 2617 641 2672 καί
661 2616 825 2688 ἀεικινήτου·
848 2620 863 2674 δ
886 2615 914 2674 δὲ
935 2618 977 2675 ότι
999 2617 1060 2676 οὐτε
1082 2617 1127 2674 ὑπ’
1147 2616 1246 2690 ἀλλου,

123 2715 191 2792 όπερ
214 2711 256 2770 διὰ
278 2719 325 2770 τοῦ
347 2713 416 2770 εἶναι
437 2713 522 2784 αὐτήν
544 2714 631 2794 ἀρχήν
654 2717 785 2786 κινήσεως
805 2713 944 2775 δείκνυσιν.
969 2715 1029 2796 Ἆρ’
1054 2715 1100 2773 οὐν
1122 2717 1247 2797 ἑκάτερος

124 2813 214 2869 αὐτῶν
234 2810 338 2883 ἀτελής
358 2810 438 2881 ἐστιν,
456 2810 486 2867 ἐκ
504 2809 533 2868 δὲ
552 2809 714 2891 ἀμφοτέρων
729 2813 761 2868 τὸ
775 2811 880 2870 τέλειον
897 2819 931 2889 τη
947 2808 1080 2881 ἀποδείξει
1094 2811 1246 2890 συμύαίνει,

124 2910 141 2981 i}
158 2910 185 2966 ἐν
200 2911 319 2989 ίκατίρῳ
336 2909 385 2983 μἐν
396 2908 493 2965 ἀὐτοῖν
509 2910 523 2964 ὁ
542 2906 635 2987 ’ἕτερος
650 2910 816 2991 περιέχεται,
832 2912 1008 2993 προφαίνεται
1026 2912 1055 2971 δὲ
1073 2913 1200 2992 ἑκατέρου
1216 2915 1247 2970 τὸ

60 3012 91 3063 25
124 3008 241 3083 ἰδίωμα;
257 3009 293 3065 Τό
308 3029 336 3065 τε
352 3009 402 3087 γὰρ
419 3007 463 3087 ὑφ’
478 3009 575 3064 ἑαυτοῦ
591 3010 629 3083 μή
647 3009 824 3089 φθειρόμενον
839 3009 897 3068 οὐδ’
911 3010 943 3068 ἀν
958 3011 1002 3069 ὑπ’
1017 3010 1104 3070 ἄλλου
1118 3014 1245 3093 φθαρείη·

123 3106 187 3188 ἐ’χον
205 3109 256 3186 γὰρ
274 3106 338 3163 αὐτὸ
356 3105 383 3163 ἐν
403 3107 489 3181 ἑαυτῷ
506 3108 535 3163 τὸ
554 3104 641 3163 αίτιον
660 3113 708 3164 τοῦ
725 3109 804 3165 ἑαυτό
824 3110 920 3184 σῴζειν
935 3111 980 3168 καί
995 3111 1037 3170 ἀεὶ
1052 3113 1139 3187 ἑαυτῷ
1157 3113 1246 3185 συνὸν,

123 3205 184 3262 πότ’
196 3205 227 3262 ἂν
243 3204 287 3262 ὑπ’
299 3203 387 3262 ἄλλου
401 3207 511 3286 φθαρείη
527 3206 662 3285 (τοιοῦτον
673 3208 725 3286 γὰρ
738 3209 768 3264 τὸ
785 3208 964 3281 αὐτοκίνητον
979 3211 1017 3274 ὡς
1033 3209 1219 3293 δειχθήσεται)
1225 3209 1244 3288 ;Ι

17 3318 36 3367 ί·
46 3316 109 3366 icr-
124 3307 197 3363 τότε
212 3304 257 3362 ὑπ’
273 3302 361 3362 ἀλλου
378 3306 416 3380 μή
431 3307 620 3386 φθειρόμενον,
638 3304 711 3364 ἀλλά
727 3308 798 3389 ἀρχή
813 3309 859 3365 καί
872 3309 945 3367 αἰτία
960 3309 1028 3368 οὐσα
1040 3316 1088 3367 τού
1104 3311 1200 3385 σῴζειν
1215 3313 1248 3369 τί

125 3405 209 3474 ἀλλα,
226 3404 244 3475 ή
260 3425 293 3483 γε
307 3405 419 3475 τοιαύτη
435 3410 493 3469 πῶς
512 3404 543 3462 θν
559 3404 602 3486 ὑφ’
617 3406 716 3477 ἑαυτῆς
731 3408 858 3487 φθαρείη·
875 3408 987 3481 τοιαύτη
1003 3411 1054 3489 γὰρ
1073 3407 1248 3490 δειχθήσεται

62 3511 93 3560 30
123 3506 141 3574 ή
157 3504 229 3582 ἀρχή
245 3510 295 3574 τῆς
308 3504 450 3574 κινήσεως·
465 3501 527 3561 οὐτε
541 3504 593 3582 χάρ
610 3503 705 3560 ἐκτῶν
718 3504 783 3583 ὑπὲρ
799 3505 884 3576 αὐτήν
897 3508 1039 3586 φθείρεται,
1053 3507 1071 3579 ή
1085 3530 1117 3586 γε
1131 3495 1247 3582 σῴζεται

125 3600 168 3660 ὑπ’
183 3601 282 3678 αὐτῶν,
295 3599 358 3659 οὐτε
373 3601 472 3659 ἐκτῶν
486 3602 547 3677 μετ’
560 3603 656 3675 αὐτήν,
669 3602 729 3673 ήτις
744 3604 815 3660 αίτία
830 3603 883 3661 ἐστὶ
895 3610 942 3662 τοῦ
959 3605 1025 3663 είναι
1039 3605 1083 3662 καὶ
1098 3610 1147 3678 ζῆν
1163 3606 1245 3682 αὐτάς

153 3888 288 3952 9εἴπομεν
304 3888 359 3946 102,
375 3887 405 3938 27
470 3888 500 3940 17
518 3889 581 3954 Rep.
597 3889 757 3955 XGOsssqq.
828 3891 858 3942 27
876 3893 1033 3960 δειχθήσεται
1048 3892 1104 3955 106,
1119 3893 1160 3944 6-7

154 4016 217 4066 TIT
233 4017 248 4067 3
264 4020 353 4076 πόσοις
369 4021 547 4084 συλλογισμοῖς
560 4023 664 4071 ἐνταῦθα
676 4023 799 4072 δείκνυται
812 4023 840 4072 ti
855 4021 1019 4089 πρόόλημαΰ

94 4164 96 4167 ’
156 4151 202 4203 ΝΟ
228 4152 291 4202 3το
310 4156 373 4201 anie
392 4151 429 4203 ὅτι
453 4152 573 4216 scripsi:
595 4162 631 4221 τῷ
650 4153 713 4203 libri
733 4154 769 4204 ci.
788 4153 842 4213 102,
862 4153 893 4203 29
956 4154 1003 4218 ὅτι]
1028 4155 1078 4206 ὄντι
1105 4156 1133 4205 Μ
1198 4158 1249 4208 56

123 4224 220 4274 om.M
285 4222 493 4288 θάναγωγῆςΜ
557 4224 863 4290 8σίκείωςήοίκείαιςΜ
927 4226 959 4276 10
975 4225 1012 4291 ii]
1027 4226 1101 4290 δὴΜ
1166 4229 1196 4278 1³
1211 4229 1248 4280 ότι

123 4298 165 4346 καὶ
181 4293 302 4352 ἀθάνατος
318 4295 346 4342 Μ
412 4295 461 4361 γὰρ
478 4293 508 4358 δὴ
525 4294 552 4344 Μ
619 4297 649 4346 14
665 4301 690 4347 ἐν
701 4303 765 4346 anie
775 4297 843 4364 αὐτῷ
854 4310 908 4347 om.
929 4298 962 4347 A*
1025 4298 1103 4366 αὐτῷ]
1120 4303 1200 4367 ἑαυτῷ
1219 4300 1248 4349 Μ

180 4366 299 4428 θθαύτῆς
315 4367 342 4414 Μ
404 4365 484 4416 21ότι
501 4369 596 4417 om.M
613 4419 625 4431 ,
659 4368 690 4418 22
706 4366 761 4432 τοῦ]
776 4369 804 4418 τό
821 4369 848 4417 Μ
912 4370 988 4435 ἅρἈ
1047 4369 1077 4419 27
1094 4370 1129 4420 ad
1143 4370 1248 4423 calcem

124 4437 223 4488 1¹45v0
237 4437 289 4487 hoc
299 4437 412 4486 schema
423 4436 582 4487 invenitur:
609 4438 731 4490 ἀθάνατον
780 4440 920 4503 ἀεικίνητον
969 4440 1130 4505 αὐτοκίνητον
1178 4443 1248 4509 ψυχή

422 4517 425 4525 ,
685 4503 694 4520 ς
849 4509 874 4523 ,,
1033 4506 1087 4526 Α

126 4584 217 4646 ήΙίιιεω
230 4584 315 4644 rubr.)
330 4583 366 4632 ct.
383 4581 438 4640 105,
450 4581 489 4632 28.
502 4583 564 4634 Duo
574 4587 717 4639 schemata
731 4590 880 4652 conjuncta
895 4591 957 4643 inC
1020 4589 1051 4640 29
1068 4591 1125 4656 ἥγε
1135 4591 1230 4655 scripsi

126 4661 142 4722 ί,
157 4657 183 4706 δὲ
199 4659 256 4705 ΑΗ
275 4655 318 4719 ῆδι
339 4655 368 4703 Μ
433 4655 461 4703 31
480 4658 531 4719 μετ’
551 4658 628 4723 αὐτὴν
643 4661 738 4724 scripsi
757 4676 764 4712 :
785 4665 836 4728 μεθ’
856 4662 945 4729 ἑαυτήν
965 4662 1027 4714 libri
