3164 5512
353 469 407 525 ΕΙΣ
429 475 490 527 1οΝ
513 471 689 525 UAATQNOE
711 471 854 524 ΦΑΙΔΡΟΝ
878 470 999 524 ΣΧΟᾹΙᾹ
1191 478 1237 533 223

19 630 84 697 [182]
159 625 226 705 ρλζ’.
249 632 309 683 Τοῦ
332 624 364 683 δὲ
384 625 490 705 λέγειν
511 629 608 707 φησίν
628 629 642 684 ό
665 628 790 706 λα’κιον]
813 631 872 687 260
894 629 931 688 Ε.

7 784 98 835 1·78ι·
156 775 246 833 ’Ἄνευ
261 783 309 832 τοῦ
325 775 429 854 ἀγαθοῦ
448 776 452 854 Ι
470 777 583 849 καὶτῆς
598 776 755 849 ἀληθείας
770 780 895 860 φησίνό
912 781 1023 839 ,θάκων
1035 781 1126 861 ῥήτωρ
1140 781 1239 863 τέχνην

116 875 186 932 εἶναι
200 874 357 956 ἀμήχανον.

158 1013 230 1094 ρλη’.
253 1015 382 1073 Τούτων
403 1013 441 1087 δὴ
464 1023 527 1074 τῶν
548 1017 656 1097 λόγων
678 1019 701 1074 ὦ
724 1017 910 1101 Σώκρατες]
933 1021 988 1077 261
1011 1019 1048 1078 A.

69 1178 85 1228 5
157 1167 215 1218 Τῶν
234 1159 366 1233 ἀληθείας
385 1160 579 1242 ἐφαπτομίνιον
597 1162 644 1219 καί
663 1162 717 1243 οὐχ
732 1162 828 1227 ἀπλῖος
844 1157 911 1238 δόξῃ
926 1162 971 1218 καὶ
984 1157 1063 1240 τριόῄ
1079 1159 1124 1216 καί
1139 1159 1239 1234 ἐμπει-

119 1258 202 1337 ρία...
221 1257 262 1315 διδ
275 1256 317 1316 δεῖ
330 1257 427 1323 αὐτοὺς
440 1256 562 1325 ἐξετάσαι
574 1259 649 1325 όπως
661 1261 727 1317 ποτὶ
741 1255 846 1341 έχουσι,
862 1259 977 1340 πότερον
991 1256 1033 1316 δεῖ
1049 1259 1099 1329 τήν
1114 1256 1240 1331 ἀλήθειαν

120 1354 298 1430 μεταδιώκειν
312 1357 330 1428 ἢ
346 1355 389 1417 οὔ.
408 1353 639 1438 ’Δντιπαράόσλλε
654 1358 713 1429 οὖν,
730 1359 808 1440 φησί,
824 1357 886 1423 τοὺς
902 1355 1013 1436 λόγους,
1032 1354 1125 1428 ἐπειδὴ
1146 1358 1172 1413 οἳ
1192 1355 1241 1431 μὲν

120 1453 243 1534 λέγουσιν
264 1456 306 1513 ότι
328 1455 484 1536 ὀφείλουσιν
505 1458 532 1514 οί
553 1457 666 1537 ῥήτορες
686 1455 817 1530 ἀληθείας
837 1457 976 1526 ἅπτεσθαι,
997 1453 1090 1525 ἐπειδὴ
1112 1452 1241 1513 ἀδόνατον

119 1560 223 1631 γνὼναι
236 1555 267 1611 τὸ
281 1554 389 1630 θμοισν,
407 1556 527 1612 τουτέστι
541 1556 571 1612 τό
586 1556 709 1628 πιθανὸν,
727 1557 767 1631 μί,
783 1556 879 1635 γνόντα
892 1554 922 1612 τό
937 1552 1047 1625 ἀληθές·
1065 1555 1092 1611 οί
1105 1551 1134 1611 δέ
1146 1548 1241 1632 τριόῆς

57 1670 88 1721 10
119 1652 165 1709 καί
180 1651 323 1733 ἐμπειρίας
340 1654 435 1732 μόνον,
448 1653 484 1711 ’ἶν’
499 1653 530 1711 έκ
543 1662 591 1726 τῆς
606 1653 838 1734 ἀντιπαραθέσεως
853 1653 992 1733 γνώριμον
1006 1656 1074 1728 ἡμῖν
1087 1651 1198 1731 γένηται
1212 1652 1243 1708 τὸ

121 1751 282 1829 λεγόμενον·
303 1748 521 1832 ἀντιπαρόόαλλε
541 1751 588 1810 οόν
606 1755 656 1824 τὴν
676 1751 807 1826 ἀληθινὴν
824 1754 869 1809 καί
888 1753 939 1823 τὴν
953 1749 1069 1827 δημώδη
1086 1750 1242 1831 ῥητορικήν.

161 1904 229 1984 ρλθ’.
253 1907 372 1986 11ἀριτε
393 1906 430 1978 δὴ
453 1909 632 1986 θρέμματα
653 1904 800 1987 γενναῖα]
824 1908 880 1965 261
903 1905 941 1965 A.

161 2052 229 2117 Τοὺς
246 2053 347 2131 λόγους
360 2053 538 2133 θρέμματα
549 2054 641 2112 καλεῖ·
659 2056 686 2112 οί
700 2056 749 2135 γὰρ
765 2052 846 2132 λόγοι
859 2063 907 2125 τῆς
921 2058 1011 2134 ψυχῆς
1025 2053 1172 2134 Βρέμματά
1184 2051 1247 2110 εἰσιν

125 2152 152 2208 oi
168 2149 306 2215 οὖσιώδεις
322 2153 366 2209 καί
380 2152 494 2224 ἀληθεῖς
507 2153 553 2210 καὶ
568 2151 762 2211 ἁποδεικτικοί·
785 2152 826 2209 διὸ
844 2155 888 2209 καὶ
906 2153 936 2208 τὸ
956 2158 1094 2231 γενναῖα
1115 2151 1184 2223 εἶπε,
1204 2149 1248 2206 διά

61 2259 90 2311 15
123 2250 154 2305 τό
170 2248 361 2328 μεγαλουργὸν
375 2249 420 2306 καί
434 2248 544 2307 δυνατὸν
558 2248 643 2328 λέγειν
656 2252 700 2307 καὶ
713 2249 908 2311 ἀποδεικτικόν.
921 2249 1029 2307 Ἕλθετε
1042 2248 1088 2306 οὖν
1101 2249 1139 2312 είς
1152 2249 1245 2323 μέσον,

125 2348 151 2402 oi
167 2345 348 2405 ἀποδεικτικαὶ
363 2347 454 2426 λόγοι,
468 2349 513 2404 καὶ
525 2349 634 2406 παίσατε
647 2350 693 2405 τὸν
705 2346 823 2428 Φαῖδρον
837 2348 879 2405 ὃτι
894 2347 1020 2406 ἀδόνατον
1035 2347 1113 2405 αὐτὸν
1127 2347 1249 2425 γενέσθαι

125 2446 227 2525 ῥήτορα
249 2445 335 2503 καλὸν
361 2445 423 2503 ἀνευ
448 2444 610 2527 φιλοσοφίας
636 2448 680 2502 καί
705 2445 845 2518 ἀληθείας.
870 2481 909 2490 -
934 2443 1140 2503 Καλλίπαιδα
1164 2442 1202 2501 δέ·
1230 2443 1248 2516 τ’]

126 2543 206 2600 αὑτὸν
226 2545 272 2601 τὀν
286 2543 404 2624 Φαῖδρον
424 2543 509 2602 καλὸν
525 2542 608 2602 παῖδα
623 2543 800 2618 <όντα>ἢ
817 2543 919 2609 καλοὺς
935 2543 1031 2609 παῖδας
1049 2544 1174 2601 τίκτοντα
1189 2541 1251 2607 τοὺς

127 2641 239 2719 λόγους.

63 2813 95 2865 20
167 2798 225 2877 ρμ’.
249 2797 298 2864 Ὦς
320 2798 355 2856 ἀν
379 2802 421 2875 με’,
445 2801 579 2881 ἱκανῶς]
603 2803 659 2860 261
683 2800 721 2860 Α.

169 2942 236 3022 ’,θρα
254 2941 302 2999 οὖν
319 2944 345 2999 οἱ
362 2944 474 3023 ῥήτορες
495 2943 599 3018 ἥψαντο
614 2944 794 3025 φιλοσοφίας;
812 2942 933 3022 λέγομεν
948 2943 990 3000 ότι
1004 2943 1116 3015 ἀληθῶς
1133 2941 1248 3021 ῥήτορας

128 3040 245 3118 ἀγαθοῦς
259 3040 382 3118 γενέσθαι
397 3038 459 3099 ἀνευ
475 3040 635 3122 φιλοσοφίας
651 3040 779 3099 ἀδύνατόν
795 3040 860 3099 ἐστι·
876 3044 922 3099 καί
932 3043 982 3122 γάρ
994 3043 1020 3098 οί
1037 3039 1250 3116 εὐδοκιμώτατοι

128 3139 270 3216 γενόμενοι
283 3144 337 3195 τών
352 3140 475 3219 ῥητόρων
490 3141 595 3215 ἥψαντο
610 3138 779 3221 φιλοσοφίας.
798 3140 933 3220 Περικλῆς
948 3141 996 3216 μὶν
1010 3141 1062 3220 γάρ
1074 3132 1251 3219 Ἀναξαγόρου

128 3239 236 3315 ἑταῖρος
252 3235 367 3314 ἐγένετο,
386 3239 561 3312 Δημοσθένης
577 3236 605 3295 δὲ
620 3237 764 3303 Πλάτωνος
782 3236 910 3310 ἤκουσεν,
926 3239 970 3295 καὶ
988 3239 1015 3295 οί
1031 3236 1113 3296 ἀλλοι
1129 3234 1158 3296 δὲ
1173 3233 1252 3296 εὐδό-

65 3343 96 3394 25
128 3356 203 3410 κιμοι
218 3335 327 3414 ῥήτορες
343 3335 446 3411 ἥψαντο
461 3334 633 3418 φιλοσοφίας.
650 3337 753 3416 ’Ἡγουν
768 3343 851 3395 ταῦτα
866 3339 925 3397 είπε
939 3344 1094 3418 προτροπῆς
1109 3338 1190 3419 χάριν
1204 3342 1252 3396 τοῦ

129 3429 258 3510 Φαίδρου.

170 3583 245 3658 ρμα’,
271 3578 440 3661 Ἐρωτάτε]
463 3582 519 3638 261
544 3581 579 3639 A.

170 3728 216 3793 ἰις
231 3730 298 3808 πρὸς
314 3729 346 3785 τά
359 3730 506 3808 θρέμματα
521 3728 591 3788 εἷπε.
609 3765 647 3774 -
661 3727 695 3786 Τὸ
711 3725 740 3785 δὲ
758 3725 806 3809 ἀρ’
821 3725 888 3786 οὗν·
906 3728 936 3786 τό
951 3727 1029 3807 τέλος
1042 3734 1093 3800 τῆς
1109 3727 1254 3809 ῥητορικῆς

161 3912 176 3960 2
192 3910 278 3961 schol.
294 3909 375 3961 2602
392 3913 429 3974 (ρ.
444 3909 489 3960 27³
506 3908 611 3969 Herm.)
675 3911 706 3961 22
722 3911 757 3963 ci,
774 3910 860 3961 schol.
878 3910 923 3960 261
938 3914 961 3960 A
978 3909 1064 3971 (ibid.)

162 4019 185 4069 Τ
188 4019 222 4069 {T
237 4020 267 4070 22
284 4020 343 4072 όὶνευ
355 4022 500 4084 φιλοσοφίας
513 4014 634 4071 ἀδύνατον
647 4022 760 4084 γενίσθαι
773 4017 899 4087 ῥήτοραῦ
962 4018 992 4069 21
1010 4020 1171 4082 Δημοσθένης
1184 4008 1252 4070 iiii·

132 4110 209 4149 τιονος
224 4088 365 4171 ἥκουσινθ

129 4199 211 4250 ’ΝΟ
228 4201 240 4248 1
258 4198 467 4259 τοῡ,τωί)ι·.Α
532 4195 781 4259 4τοότων,τι·ι11ιι“.
799 4202 822 4248 Α
887 4198 1193 4265 δὴ]δείΡ181.ὀοι1.Τ

130 4272 146 4322 6
169 4269 309 4321 nonnulla
332 4269 474 4320 οισσίιίὶεοο
494 4271 604 4334 putavit·
618 4274 677 4322 Asi
738 4271 753 4320 7
775 4270 960 4338 ἀντιπαρόθαλε
979 4274 1003 4322 A
1067 4272 1083 4320 9
1103 4276 1206 4337 γνόντας
1225 4271 1253 4322 Μ

196 4342 224 4393 11
249 4341 457 4409 ἀντιπαραόάλλιι
474 4345 510 4391 A·
531 4342 794 4409 ἀντιπαραδάλλεινΕ
858 4340 887 4393 12
910 4342 1007 4410 πάριτε,
1033 4362 1051 4394 π
1072 4343 1146 4393 rubr.
1169 4347 1192 4392 A

133 4414 163 4465 17
179 4413 370 4465 καλλίπαιδέιτε
385 4412 412 4462 Μ
479 4414 508 4462 18
524 4413 584 4464 όντα
595 4414 687 4464 addidi
750 4414 782 4464 20
798 4419 841 4473 ὡς,
858 4419 878 4464 ώ
893 4414 968 4464 rubr.
984 4417 1007 4463 A
1065 4419 1099 4472 ὡς
1116 4411 1256 4478 ἀν]ώςέάν

135 4484 203 4536 Plan.
218 4483 241 4534 B
255 4498 262 4534 :
277 4487 325 4543 ἕως
340 4483 370 4536 ἃν
385 4484 454 4535 Plau
465 4484 489 4533 T
502 4500 508 4534 ι
525 4484 553 4534 in
570 4489 593 4533 Α
608 4498 672 4548 quae
690 4498 772 4549 supra
788 4486 890 4536 lineam
907 4486 1009 4550 scripta
1027 4486 1082 4536 sint
1098 4484 1258 4536 discernere

135 4569 189 4607 non
211 4557 286 4620 potui
349 4555 379 4607 22
400 4554 595 4620 εὐδοκιμώτατοι
617 4557 714 4620 scripsi
734 4573 740 4607 :
763 4556 957 4623 εὐδοκιμώτεροι
981 4555 1045 4606 libri
1066 4555 1128 4617 ised
1148 4558 1194 4618 ΑΙ)

132 4631 162 4683 24
178 4634 202 4680 οἱ
212 4642 267 4678 om.
278 4628 304 4679 Μ
370 4627 400 4677 27
417 4631 532 4694 ἐρωτᾶτε,
543 4631 555 4678 ὲ
566 4627 639 4678 τοδε,
652 4632 672 4678 A
728 4629 769 4678 28
783 4624 823 4694 ἀρ’
835 4627 889 4692 οὖν]
900 4624 939 4695 ἄρ’
951 4625 981 4679 οὗ
993 4623 1019 4678 M
1034 4623 1073 4695 ἄρ’
1085 4625 1129 4678 οὖν
1141 4628 1171 4680 οὐ
1185 4627 1256 4680 plati
