3150 5504
343 518 399 570 ωε
419 519 481 569 των
504 518 680 569 numm
703 517 845 569 ψαιιοοα
869 517 993 571 Σκοιιι
1193 530 1239 580 107

8 674 75 740 {1161
109 670 291 748 ήπορήσαμεν
312 668 345 725 ἀν
366 669 392 726 τί
414 668 470 726 έστι
487 669 519 725 τὸ
541 665 631 725 αίτιον
652 673 700 726 τοῦ
722 667 854 725 τοσούτου
876 669 978 750 φωτὸς,
1001 669 1024 727 εί
1046 668 1074 727 δέ
1094 671 1140 727 καὶ
1161 671 1240 728 αὐτὸς

110 768 226 848 ἀόρατος
249 767 288 825 ὢν
310 768 496 846 κατηύγαζεν,
522 763 561 824 έτι
586 766 672 825 πλέον
696 767 728 824 ἀν
751 770 943 847 ήπορήσαμιν,
969 770 1042 825 οὕτω
1071 767 1104 840 δή
1128 772 1174 827 καὶ
1198 771 1242 827 ἐπὶ

111 871 211 949 ψυχῆς,
228 865 321 937 ἐπειδὴ
335 865 447 946 ἀόρατος
462 864 529 923 υύσα
545 866 616 922 αίτία
629 866 685 923 ἐστί
697 873 792 923 πασῶν
805 872 861 923 τῶν
880 870 1028 939 κινήσεων,
1045 869 1159 949 ἀπορίαν
1171 873 1241 946 ἡμῖν

111 967 257 1047 παρέσχεν.
279 962 383 1045 ’Ὥσπερ
404 962 452 1022 ούν
472 966 486 1021 ό
507 962 590 1036 ἣλιος
613 966 646 1020 τὰ
667 965 754 1023 πάντα
777 965 903 1045 φωτίζων
924 967 1018 1024 ἑαυτὸν
1037 967 1138 1042 πολλῷ
1156 968 1241 1026 πλέον

64 1069 79 1117 5
112 1065 245 1146 φωτεινόν
267 1070 352 1139 ποιεῖ,
375 1063 447 1121 ούτω
470 1062 503 1134 δὴ
528 1065 572 1120 καὶ
593 1066 611 1134 ἡ
637 1067 711 1143 ψυχή
736 1065 768 1121 τά
791 1065 879 1122 πάντα
901 1071 1012 1123 κινοῦσα
1035 1068 1132 1138 ἑαυτήν
1155 1066 1237 1140 πολὺ]

8 1180 29 1206 ·
43 1156 94 1209 ¹17
110 1162 244 1242 πρότερον
262 1168 341 1219 κινεῖ·
361 1159 475 1220 ’ἑκαστον
493 1162 544 1241 γάρ
564 1159 610 1242 ἀφ’
631 1163 727 1219 ἑαυτοῦ
747 1170 797 1233 τῆς
818 1162 955 1243 ἐνεργείας
978 1163 1104 1246 ἄρχεται.
1126 1200 1165 1209 -
1187 1167 1240 1223 Καὶ

14 1264 23 1279 ‘
112 1259 363 1340 παραδειγματικάς
386 1258 415 1317 δέ
435 1261 524 1340 εύροις
546 1259 577 1317 ἀν
597 1261 646 1324 τὰς
667 1268 717 1332 τῆς
737 1265 831 1342 ψυχῆς
853 1266 973 1335 κινήσεις
999 1269 1054 1319 τῶν
1079 1270 1242 1339 σωματικῶν

111 1361 255 1433 κινήσεων·
278 1356 409 1435 λάθωμεν
428 1358 456 1416 δὲ
476 1361 523 1423 τὰς
544 1360 711 1435 σωματικάς·
734 1361 784 1417 είσί
805 1358 834 1417 δέ
853 1362 930 1418 αύται
953 1362 1025 1418 όκτῶ
1045 1364 1092 1419 τὸν
1113 1363 1240 1443 ἀριθμόν,

111 1458 259 1530 παθητικαί
284 1456 361 1515 ούσαι
382 1457 492 1533 μᾶλλον
513 1458 531 1530 ἢ
553 1458 706 1530 ποιητικαί·
729 1458 832 1536 γένεσις
856 1461 951 1541 φθορὰ,
975 1457 1088 1533 αύξησις
1112 1461 1241 1536 μείωσις,

48 1560 81 1612 10
113 1562 184 1642 φορά
198 1561 342 1642 περιφορά,
363 1560 500 1640 σύγκρισις
520 1558 721 1640 διάκρισις,”Εν
741 1556 789 1615 ούν
808 1563 842 1636 τῇ
863 1563 938 1639 ψυχῇ
955 1556 1069 1633 αύξησίς
1092 1561 1163 1618 ἐστιν
1178 1562 1243 1619 όταν

114 1661 213 1731 ίαοτήν
228 1657 357 1718 ἐπιδοῦσα
371 1666 428 1723 τοῖς
442 1658 574 1739 κρείττοσι
588 1657 818 1735 πολλαπλασιάζη
837 1659 937 1730 ἑαυτῆς
956 1659 1003 1723 τὰς
1022 1662 1138 1731 νοήσεις·
1156 1660 1243 1741 φθίσις

115 1758 144 1817 δέ
158 1759 223 1816 όταν
238 1758 338 1817 ἐκεῖθεν
353 1759 522 1838 ἀφισταμένη
540 1758 717 1836 ἀσθενεστέρα
731 1758 828 1829 ἑαυτῆς
842 1756 951 1836 γίνηται
972 1759 1018 1814 καί
1033 1760 1167 1839 ἀργοτίρα
1181 1765 1242 1823 ταῖς

115 1861 235 1931 νοήσεσι·
252 1858 335 1917 πάλιν
350 1859 455 1937 γένεσιν
471 1856 520 1933 μέν
535 1863 708 1937 <φαμεν>
719 1858 770 1927 τήν
785 1856 905 1914 ἐντεῦθεν
920 1856 1005 1928 αὐτῆς
1021 1856 1127 1930 ἀνοδον,
1143 1858 1244 1939 φθορὰν

117 1955 145 2014 δέ
163 1959 215 2027 τὴν
232 1956 352 2038 ἐσχάτην
370 1956 423 2012 ἀπὸ
445 1961 493 2014 τοῦ
515 1961 614 2029 νοητοῦ
637 1961 751 2012 πτῶσιν·
775 1956 820 2011 καί
840 1955 975 2035 αίγκρισιν
998 1956 1047 2032 μἐν
1070 1959 1120 2028 τήν
1144 1956 1243 2036 ἀθρόαν

52 2051 84 2102 15
117 2054 212 2126 νόησιν
232 2055 276 2110 καί1
295 2055 347 2124 τὴν
367 2059 424 2139 τῶν
448 2051 528 2111 εἰδῶν
550 2055 608 2129 ἅμα
629 2052 762 2132 θεωρίαν,
786 2051 916 2133 διάκρισιν
940 2052 969 2111 δέ
991 2055 1041 2125 τὴν
1062 2056 1245 2135 μιρικωτέραν

24 1751 31 1787 λ

117 2154 210 2225 νόησιν
227 2153 272 2210 καί
290 2154 341 2224 τήν
360 2151 420 2209 κατ’
442 2150 514 2218 είδος
531 2153 560 2209 ἓν
580 2153 647 2209 θέαν
661 2150 784 2225 <ἀν>
798 2150 934 2228 είποιμεν·
957 2153 1026 2234 φορά
1042 2152 1074 2225 δὴ
1090 2158 1108 2226 ή
1123 2152 1185 2211 κατ’
1200 2153 1243 2212 εύ-

117 2255 194 2310 θεῖαν
209 2250 293 2323 αύτής
306 2253 350 2308 καί
365 2252 402 2315 είς
418 2250 521 2329 γένεσιν
535 2252 653 2324 κίνησις,
668 2253 802 2332 περιφορὰ
816 2249 845 2308 δέ
859 2255 876 2323 ἡ
891 2256 947 2308 τῶν
961 2250 1041 2310 είδῶν
1057 2251 1185 2332 περίοδος
1198 2255 1243 2310 καὶ

117 2342 235 2415 ἀνέλιξις
254 2350 299 2406 καί
319 2350 355 2414 είς
372 2350 404 2406 τὸ
422 2349 487 2407 αύτό
504 2349 732 2413 ἀποκατάστασις.
754 2349 923 2428 θίκειότερον
939 2350 987 2425 μέν
1004 2348 1050 2408 ούν
1068 2348 1187 2421 ἀποδοίη
1203 2371 1244 2413 τις

118 2447 150 2504 ἀν
168 2449 218 2519 τήν
238 2448 286 2523 μέν
305 2449 451 2529 περιφοράν
470 2452 528 2513 ταῖς
547 2448 638 2510 ectu<
658 2451 772 2527 ψυχαῖς,
789 2449 839 2519 τήν
858 2445 887 2503 δὲ
904 2447 989 2527 φοράν
1004 2453 1064 2510 ταῖς
1083 2449 1241 2526 ἡμετέραις·

54 2546 86 2598 2⁰
118 2542 187 2609 ἴδοις
208 2542 233 2601 δ’
248 2543 339 2601 ἀνκαὶ
357 2543 384 2602 έν
399 2550 458 2609 ταῖς
477 2544 568 2607 θείαις
586 2545 739 2625 ἀμφοτέρας
753 2544 801 2609 τάς
816 2547 945 2617 κινήσεις·
962 2544 1067 2609 εὐθείας
1083 2545 1146 2624 γάρ,
1164 2545 1242 2624 φησί,

120 2639 214 2703 λαύῶν
228 2645 243 2699 ό
257 2641 425 2723 δημιουργὸς
443 2643 481 2707 είς
499 2640 601 2700 κύκλον
619 2641 821 2718 κατέκαμψε·
840 2641 927 2715 δῆλον
942 2641 990 2700 ούν
1005 2644 1044 2708 ὡς
1060 2643 1109 2700 οὐκ
1124 2641 1183 2700 ἀνευ
1195 2648 1243 2698 τοῦ

119 2740 210 2804 εύθέος
230 2744 248 2813 ἡ
269 2741 385 2814 κυκλική
407 2740 461 2798 ἐστι
481 2741 585 2816 κάμψις
607 2741 653 2798 καί
674 2740 767 2814 νόησις
786 2747 841 2797 τῶν
862 2744 971 2822 ψυχῶν·
992 2742 1096 2820 τὸγὰρ
1117 2744 1243 2821 καθαρῶς

119 2839 213 2914 κύκλῳ
227 2843 359 2898 κινεῖσθαι
374 2839 451 2915 μόνῳ
465 2838 594 2915 ἀπονέμει
607 2845 647 2913 τῷ
661 2845 710 2914 νῷ.
728 2838 759 2896 Ἡ
775 2837 803 2896 δέ
819 2839 900 2912 ἐνάτη
915 2841 1022 2912 κίνησις
1038 2839 1098 2911 ήτις
1115 2839 1169 2897 ἐστὶ
1188 2845 1243 2896 τῶν

120 2937 273 3013 ἀσωμάτων
285 2940 346 3019 περὶ
360 2944 417 3003 τοῖς
431 2939 563 3013 σώμασιν,
581 2940 636 2995 οἷαι
650 2936 822 3017 θερμότητες
837 2939 854 3009 ή
870 2931 960 3014 ψύξεις
978 2938 996 3008 ή
1017 2937 1162 3020 ίμψοχίαι,
1184 2935 1244 3018 ἔχει
1325 2978 1327 2981 -

58 3041 89 3091 25
121 3038 170 3107 τήν
187 3035 441 3117 παραδειγματικήν
460 3037 548 3094 αἰτίαν
568 3035 596 3094 έν
615 3042 649 3114 τῇ
670 3039 758 3117 ψυχῇ,
778 3038 844 3094 καθὸ
862 3041 879 3109 ἡ
900 3039 975 3120 ψυχή
991 3043 1049 3102 τοῖς
1067 3038 1189 3112 σώμασιν
1203 3037 1244 3094 ἐν·

120 3133 214 3193 δίδωσι
234 3138 318 3207 ζωήν.
338 3171 378 3180 -
399 3134 461 3192 Ὅτι
478 3136 526 3212 μέν
545 3134 592 3194 ούν
611 3137 656 3192 καὶ
676 3133 922 3215 παραδειγματικαί
945 3138 1011 3194 εἰσιν
1031 3136 1195 3210 <αίτίαι>
1216 3137 1244 3193 αἱ

120 3240 174 3291 τῶν
194 3238 292 3316 ψυχῶν
308 3236 428 3306 κινήσεις
447 3240 503 3292 τῶν
525 3239 688 3310 σωματικῶν
709 3234 865 3315 ἀρκούντως
891 3236 1094 3310 ύπομέμνητοιι·
1119 3235 1244 3292 λείπεται

120 3332 148 3391 δὲ
166 3335 210 3390 καί
227 3333 336 3397 τελικάς
354 3332 435 3398 αύτάς
455 3328 607 3402 ἀποδεῖξαι,
629 3330 722 3404 ἐπειδὴ
743 3335 788 3390 καί
807 3336 821 3390 ὁ
842 3332 988 3398 σπουδαῖος
1009 3333 1120 3391 ἐνταῦθα
1135 3335 1180 3391 καί
1194 3331 1243 3409 ἐ’μ-

152 3597 184 3649 20
203 3597 273 3649 Tim.
290 3598 322 3649 θθ
337 3597 359 3648 Β

153 3738 215 3790 TIT
230 3739 247 3789 8
261 3737 327 3791 όκτόι
341 3757 402 3805 φησι
415 3738 459 3798 τάς
476 3738 623 3804 σωματικάς
637 3738 747 3803 κινήσεις
763 3737 783 3789 C

154 3887 202 3939 ΝΟ
221 3887 236 3939 1
256 3887 286 3940 ἀν
305 3900 360 3938 om.
380 3887 409 3937 M
473 3885 626 3956 θάόρατος]
648 3884 782 3951 ἀσώματος
806 3884 835 3934 Μ
868 3906 870 3910 ’
899 3890 949 3934 τῶν
967 3881 1060 3933 omisit
1078 3880 1107 3930 M
1172 3881 1246 3944 θεῆς

123 3959 256 4029 ἐνεργείας]
274 3960 319 4018 τάς
341 3960 466 4027 ἐνεργείας
488 3959 509 4010 L
572 3957 601 4009 11
626 3956 839 4017 πολλαπλασιάζει
863 3955 885 4004 L
948 3957 1036 4021 φθίσις,
1063 3952 1247 4017 suprascripto

124 4032 218 4082 eadem
241 4044 326 4082 manu
346 4034 448 4095 μιίωσις
468 4030 497 4080 iu
515 4028 543 4079 ll'
605 4028 636 4080 12
658 4027 756 4094 ἑαυτῆς]
776 4032 852 4103 ίαυςή
871 4026 900 4076 Μ
919 4025 986 4089 (iam
1006 4028 1163 4076 οοιτσιαικι
1180 4026 1246 4086 Αετ)

184 4104 216 4154 1³
231 4122 310 4170 φαμιν
328 4100 421 4152 addidi
439 4101 475 4152 cf.
489 4099 626 4153 addenda
640 4106 668 4152 et
681 4096 859 4163 corriqonda.
873 4098 887 4148 7
950 4097 981 4146 16
997 4094 1095 4161 νόησιν]
1112 4098 1208 4163 γένεσιν
1227 4095 1248 4144 L

124 4175 182 4236 (sed
199 4177 229 4238 in
249 4175 374 4239 margine
393 4173 529 4238 adscripto
551 4191 591 4240 γρ.
611 4174 709 4236 νόησιν)
774 4171 804 4223 ἀν
827 4169 921 4221 ιύᾰίᾱί
984 4165 1026 4232 δὴ]
1046 4169 1074 4219 δέ
1092 4171 1117 4217 Α
1136 4165 1184 4217 Lll'

123 4244 154 4296 18
170 4244 384 4309 ἀποκατάστασις]
403 4244 555 4303 κατάστασις
571 4244 598 4294 Μ
663 4241 693 4292 21
711 4241 795 4293 λαόὼν
810 4243 824 4291 ό
839 4239 992 4306 δημιουργός
1007 4237 1037 4287 E¹
1101 4236 1132 4287 22
1149 4240 1165 4300 ή
1179 4237 1249 4287 omi·

124 4322 219 4367 serunt
230 4315 311 4366 Lll'M
375 4315 404 4365 τό
420 4311 558 4380 μένγάρΕ
621 4309 796 4375 23ίννάτηΜ
859 4308 1070 4376 έστίπιρίτῶνί,
1132 4307 1248 4359 Μάσω-

125 4385 219 4452 μάτων]
229 4385 354 4451 σωμάτων
364 4385 382 4436 l'
446 4378 613 4449 οίαι]οίονΜ
628 4396 634 4432 :
649 4376 740 4434 οίυναί
753 4380 804 4431 Lll‘
867 4380 899 4431 26
913 4381 989 4430 αἰτίαι
999 4377 1091 4428 ιόᾱίιίί
1154 4377 1185 4428 27
1198 4387 1247 4428 τῶν

124 4456 223 4525 ψυχῶν]
237 4465 280 4521 τῆς
295 4462 378 4524 ψυχῆς
395 4453 469 4507 ΒΗΓ
532 4456 722 4519 ύπομίμνησται
739 4453 768 4502 Μ
787 4450 843 4517 (vel
857 4451 971 4501 fortasse
987 4449 1054 4514 Αετ)
1070 4463 1077 4499 2
1093 4450 1248 4515 ύπίμνησται

123 4527 224 4580 Assul'
245 4528 290 4591 (de
308 4528 407 4580 ceteris
425 4526 567 4578 codicibus
584 4526 653 4576 nihil
672 4524 776 4586 αοιιινί]
799 4521 873 4587 quod
886 4528 1041 4573 monstrum
1056 4521 1178 4586 recipere
1193 4534 1248 4572 uon

124 4613 207 4652 ausus
220 4613 282 4651 sum
345 4599 377 4651 28
392 4598 484 4665 potius
498 4596 528 4661 δὴ
543 4609 627 4660 quam
644 4597 671 4649 δι
688 4597 716 4646 in
730 4599 755 4645 Α
770 4593 870 4662 legeris
932 4595 975 4644 καὶ
988 4593 1033 4652 τίς
1047 4593 1145 4654 τελικὰς
1158 4591 1186 4641 ll'

123 4674 166 4727 καί
182 4676 197 4722 ό
211 4672 310 4746 ἀμφρυιν
326 4671 348 4723 L
