3164 5512
370 485 425 536 ΕΙΣ
445 486 507 537 ΊὈΝ
530 485 705 538 ΠΛΑΤΩΝΟΣ
727 486 869 538 ΦΛΙΔΡΟΝ
893 487 1014 541 mmm
1208 501 1254 552 215

32 651 98 718 [1781
131 648 206 702 θεῶν
224 641 269 699 καί
289 640 449 720 ἀνθρώπων)
469 642 516 697 τὸν
535 640 730 721 αὐτὸντρόπον
749 643 794 699 καί
813 641 856 699 ἐπὶ
871 643 1001 721 τεττίγων
1020 651 1102 703 ποιεῖ·
1120 645 1185 728 φησὶ
1203 645 1254 726 γὰρ

131 739 337 820 διαπορθμεύειν
355 740 399 795 καὶ
420 736 598 817 ἀπαγγέλλειν
615 740 649 796 τὰ
666 739 730 814 παρ’
748 743 831 815 ἡμῶν
850 747 906 807 τοῖς
925 748 1015 805 θεοῖς·
1038 741 1125 815 δῆλον
1144 742 1193 801 οὗν
1212 744 1255 801 ότι

34 846 116 911 p.179
133 838 264 915 δαίμονας
284 837 403 916 ἀγαθοδς
418 837 513 902 αὐτοὺς
530 836 657 914 βοόλεται
677 839 758 899 εἶναι,
774 840 861 897 -Τὸ
880 838 908 897 δὲ
924 838 1013 898 δοῖεν
1036 841 1252 920 ἆγαΙσθέντες,

132 937 173 995 ότι
187 937 219 994 οὐ
233 935 464 1010 καθειλκόσθημεν
479 937 530 992 ὑπὸ
541 944 592 1008 τῆς
604 935 787 1015 γλυκυθυμίας
802 936 875 995 ἀλλὰ
889 938 919 995 εὗ
934 938 1081 1014 ἐζήσαμεν·
1097 942 1124 997 αί
1136 942 1188 1019 γὰρ
1202 947 1256 998 τῶν

86 1045 100 1091 5
132 1036 280 1116 ἀνθρώπων
302 1037 397 1116 ψυχαί,
419 1034 481 1091 όταν
499 1034 594 1099 καλῶς
622 1037 734 1106 ζήσασαι
760 1037 989 1110 ἀποκαταστῶσιν,
1015 1037 1111 1096 ὀπαδοί
1136 1039 1256 1117 γίνονται

132 1140 206 1194 θεῶν
221 1135 239 1205 ’ή
255 1131 393 1210 δαιμόνων
408 1133 425 1204 ή
440 1133 549 1213 ἡρώων,
565 1133 610 1189 καί
626 1135 723 1206 έκίστη
741 1132 832 1192 ’ἕπεται
846 1140 883 1214 τῷ
903 1135 998 1211 οίκείιμ
1014 1143 1082 1211 θεῷ.
1100 1171 1139 1181 -
1156 1138 1255 1196 Φιλό·

135 1254 256 1308 μουσον
277 1231 305 1289 δὲ
326 1232 385 1288 ἀντὶ
404 1239 454 1288 τοῦ
476 1231 633 1313 φιλόσοφον.

174 1388 235 1470 ριζ’.
260 1391 398 1468 Λέγεται
421 1387 453 1446 δὲ
474 1390 518 1455 ὡς
540 1388 613 1446 ποτ’
633 1388 728 1470 ἦσαν]
752 1391 810 1448 259
832 1389 869 1455 Β.

174 1536 205 1595 Ἡ
223 1538 326 1619 θσωρία
344 1545 393 1596 τοῦ
413 1538 499 1614 μόθου
515 1538 583 1610 αὕτη
604 1537 672 1594 ἐστί·
692 1538 762 1602 τινές
779 1537 828 1612 μὶν
846 1538 897 1617 γάρ
915 1559 994 1618 φασιν
1009 1537 1050 1595 ότι
1064 1539 1124 1618 πρίν
1134 1538 1258 1617 γενέσθαι

71 1641 103 1692 10
135 1637 242 1700 Μοόσας
257 1637 303 1694 καὶ
317 1639 378 1716 πρὶν
391 1638 512 1715 γενέσθαι
528 1639 659 1711 μουσικὴν
676 1635 808 1716 [λέγουσιν
823 1634 873 1716 ότι]
889 1639 958 1708 ἦσαν
977 1639 1004 1694 οί
1019 1635 1155 1718 ἅνθρωποι
1174 1635 1259 1712 ἅμου·

135 1756 188 1792 σοι·
204 1733 395 1812 γενομένων
411 1731 444 1791 δέ
456 1740 510 1790 τῶν
527 1738 663 1791 Μουσῶν
678 1733 801 1812 ἐγένοντο
815 1735 949 1810 μουσικοί·
966 1740 1023 1800 πῶς
1035 1735 1086 1814 γὰρ
1099 1734 1148 1791 οὐκ
1160 1732 1259 1792 ἄτοπον

134 1831 187 1908 πρὸ
206 1836 261 1887 τῶν
278 1835 351 1888 θεῶν
368 1831 431 1894 τοίας
451 1831 514 1910 ἀνθρ
525 1832 607 1895 ι’νπους
628 1832 782 1909 γεγονέναι;
799 1831 829 1888 Ἡ
845 1830 874 1889 δὲ
888 1825 1013 1910 ἐξήγησις
1026 1837 1074 1890 τοῦ
1089 1831 1168 1890 θείου
1182 1831 1259 1908 Ἰαμ-

136 1922 238 2008 θλίχου
258 1929 402 2006 ῥηθήσεται
422 1934 479 1985 νῦν·
496 1930 652 2008 ἀνθρώπους
669 1930 743 2007 λέγει
760 1931 808 1995 τὰς
823 1932 912 2012 ψυχὰς
930 1931 977 1995 τὰς
996 1930 1023 1987 έν
1042 1936 1079 2009 τῷ
1095 1937 1185 2006 νοητῷ
1200 1929 1260 1990 δια-

135 2027 276 2106 τριψάσας·
294 2028 321 2082 αί
336 2028 387 2106 γὰρ
402 2029 499 2108 ψυχαί,
513 2030 572 2107 πρὶν
587 2030 632 2085 τὸν
648 2030 749 2101 θνητὸν
765 2028 826 2106 βίον
841 2026 1015 2101 διαζήσωσιν,
1030 2027 1085 2086 ἀ’νω
1101 2030 1166 2087 είσὶν
1180 2029 1207 2086 ἐν
1222 2035 1259 2108 τῷ

89 2135 99 2146 ’
135 2130 236 2198 νοητῷ,
254 2124 321 2181 αὐτὰ
335 2126 369 2182 τὰ
382 2123 444 2197 σίδη
460 2133 623 2206 θεωροῦσαι,
639 2128 698 2201 ἅμα
711 2134 771 2190 τοῖς
787 2134 869 2192 θεοῖς
884 2134 945 2185 τοῖς
962 2129 1153 2206 ὑπερκοσμίοις
1170 2127 1258 2186 οὖσαι·

137 2222 224 2288 οὕτως
240 2221 287 2279 οὗν
300 2226 326 2280 οί
342 2221 475 2303 ἄνθρωποι
486 2226 555 2295 ἦσαν
570 2226 630 2304 πρὶν
641 2226 763 2304 γενέσθαι
773 2223 820 2291 τὰς
831 2226 947 2296 Μοόσας,
959 2228 1079 2283 τουτέστι
1089 2226 1137 2291 τὰς
1148 2227 1261 2309 σφαίρας

136 2323 180 2378 καὶ
199 2321 245 2378 τὸν
264 2320 393 2393 αἰσθητὸν
412 2322 527 2398 κόσμον.
549 2323 583 2379 Τὸ
603 2321 631 2379 δὲ
648 2323 724 2402 πρίν
742 2345 777 2401 γε
798 2325 836 2399 μή
856 2324 949 2405 χρόνῳ
972 2324 1088 2400 σίκοόσης
1109 2322 1181 2381 ἀλλὰ
1199 2326 1260 2405 πρίν

136 2422 174 2484 είς
189 2421 219 2477 τὸ
235 2420 351 2501 ἐμφανὲς
368 2420 469 2492 ταότην
486 2422 537 2491 τὴν
551 2420 667 2501 πρόοδον
680 2420 801 2499 γενέσθαι
816 2427 870 2478 τῶν
891 2427 1018 2502 σφαιρῶν·
1037 2421 1105 2493 αὕτη
1121 2423 1172 2501 γάρ
1192 2421 1261 2479 ἐστιν

136 2523 154 2591 ἡ
168 2519 271 2596 γένεσις
284 2524 337 2575 τῶν
352 2523 467 2576 Μουσῶν
485 2521 503 2590 ή
521 2514 646 2599 έκφανσις
663 2522 681 2590 η
698 2519 813 2576 ἀπὸτοῦ
831 2517 997 2599 δημιουργοῦ
1013 2521 1146 2598 γενομένη
1162 2521 1200 2585 είς
1215 2521 1262 2577 τὸν

73 2624 105 2674 θθ
138 2617 264 2688 αἰσθητὸν
284 2617 399 2692 κόσμον.
422 2616 507 2674 Ἦσαν
526 2615 573 2674 οὖν
593 2620 619 2673 σί
639 2616 776 2696 ἄνθρωποι
798 2617 824 2673 ἐν
844 2623 883 2691 τῷ
902 2624 993 2693 νοητῷ
1013 2618 1120 2693 κόσμῳ·
1138 2620 1195 2693 ἅμα
1214 2617 1261 2675 οὗν

137 2714 257 2793 ἐγένοντο
277 2717 306 2771 αί
326 2721 430 2772 Μοῦσαι
447 2717 492 2772 καί
507 2717 535 2772 αἱ
554 2723 665 2797 σφαῖραι
679 2718 724 2772 καὶ
740 2718 755 2772 ὁ
770 2716 893 2787 αἰσθητὸς
907 2717 1008 2792 κόσμος
1022 2718 1098 2788 καὶὴ
1115 2717 1167 2789 όλη
1184 2719 1260 2798 ψυχή

135 2818 183 2870 τοῦ
201 2812 301 2878 παντὸς
317 2814 433 2889 κόσμου,
452 2813 643 2894 συμπροῆλθον
658 2816 702 2870 καί
717 2816 744 2870 αί
762 2816 868 2894 μερικαί
882 2815 968 2895 ψυχαὶ
987 2817 1015 2871 αί
1030 2821 1084 2871 τῶν
1100 2815 1259 2895 ἀνθρώπων·

136 2914 181 2968 καί
194 2913 242 2968 ἅτε
255 2910 288 2983 δή
304 2910 440 2977 νεοτελεῖς
456 2911 533 2969 οὖσαι
548 2914 593 2968 καὶ
609 2915 723 2988 μνήμην
738 2909 849 2993 ἔχουσαι
863 2917 916 2969 τῶν
930 2913 998 2984 ἐκεῖ,
1013 2913 1178 2994 ἀπόστροφοι
1192 2915 1262 2984 ἦσαν
1342 2945 1343 2948 ¹

136 3017 185 3081 τῆς
204 3011 336 3088 γενέσεως
355 3010 399 3065 καὶ
414 3010 464 3066 οὐκ
482 3008 584 3080 ήθσλον
599 3008 661 3066 οὐδὲ
675 3017 769 3090 φαγεῖν
784 3009 845 3067 οὐδέ
859 3016 944 3082 πιεῖν,
959 3011 1080 3068 τουτέστι
1096 3009 1260 3087 μεταλαόεῑν

74 3112 105 3162 25
138 3110 268 3180 αἰσθητῆς
288 3105 370 3180 δόξης
392 3108 442 3165 οὐκ
461 3103 625 3179 ήόοόλοντο·
645 3109 723 3188 εἶχον
744 3108 795 3187 γὰρ
817 3110 867 3178 τήν
890 3111 991 3181 νοητήν
1012 3111 1125 3190 τροφήν·
1151 3107 1190 3166 διὸ
1211 3111 1262 3168 ὑπὸ

138 3208 221 3283 λιμοῦ
235 3212 289 3263 τῶν
304 3206 413 3263 ἐνταῦθα
428 3205 571 3277 ἀπέθανον,
589 3206 647 3262 ἀντὶ
661 3212 708 3262 τοῦ
723 3207 893 3289 ἀνήχθησαν.

179 3357 244 3436 ριη’.
268 3358 461 3431 Γενομένων
484 3355 516 3412 δέ
538 3354 687 3436 Μουσῶν]
710 3357 769 3415 259
793 3355 828 3414 Β.

177 3502 301 3561 Τουτέστι
318 3500 436 3582 προόδου
455 3504 606 3581 γενομένης
622 3504 730 3560 καὶτοῦ
746 3505 873 3576 αἰσθητοῦ
888 3505 993 3581 κόσμου
1007 3505 1103 3562 τοότυυ
1121 3506 1261 3586 φανέντος,

139 3604 191 3659 καὶ
204 3602 358 3684 φανείσης
374 3599 459 3677 ᾠδῆς
472 3603 517 3657 καί
532 3602 673 3681 ἁρμονίας·
690 3603 805 3681 ἁρμονία
820 3601 848 3659 δέ
864 3603 933 3660 ἐστιν
950 3604 977 3660 έν
991 3611 1047 3667 νοῖς
1063 3605 1107 3660 καί
1121 3603 1148 3661 έν
1160 3607 1262 3685 ψυχαῖς

34 3712 54 3759 ί·
62 3689 125 3760 761⁴
138 3702 184 3758 καί
203 3700 230 3758 έν
248 3707 310 3765 ταῖς
327 3700 449 3782 σφαίραις
468 3699 473 3780 Ι
490 3700 536 3757 καὶ
557 3699 584 3757 έν
602 3706 694 3760 πᾶσιν.
710 3735 750 3744 -
770 3700 834 3782 Ὑφ’
856 3700 978 3774 ἡδονῆς
1000 3700 1039 3772 δέ,
1060 3702 1192 3759 τουτέστιν
1213 3704 1263 3758 ὑπὸ

137 3807 186 3871 τῆς
200 3797 279 3861 θείας
296 3797 474 3878 εόφροσόνης.
492 3799 578 3855 -Τὸ
596 3796 626 3855 δὲ
644 3794 762 3856 ἔλαθον
779 3799 1055 3871 τελευτήσαντες·
1077 3802 1139 3879 ὁρᾷς
1158 3800 1199 3856 ότι
1217 3800 1263 3856 καί

140 3898 251 3955 ἐνταῦθα
266 3898 333 3971 ὁτῶ
347 3895 404 3953 όντι
418 3894 567 3978 φιλόσοφος
583 3899 597 3953 δ
611 3898 751 3977 πρὸςτοῖς
772 3896 831 3954 οὖσι
852 3894 998 3977 διατρίόων
1017 3899 1048 3954 τὰ
1066 3896 1193 3973 ἐμποδῶν
1211 3898 1264 3979 ⁰⁶7-

170 4089 185 4138 7
206 4080 360 4153 φιλόμουσον
381 4089 433 4139 ἀντὶ
456 4091 499 4138 τοῦ
524 4090 659 4152 φιλόσοφον
680 4086 765 4138 schol.
785 4086 832 4137 259
853 4086 875 4136 B
895 4089 931 4150 (p.
949 4086 996 4137 272
1016 4086 1122 4147 Herm.)
1185 4085 1215 4135 12
1236 4085 1264 4134 in

140 4160 209 4210 libro
222 4159 371 4222 deperdito,
384 4159 440 4209 vid.
456 4158 482 4216 9.
497 4157 529 4209 10

282 4234 345 4282 λυκν

173 4250 434 4357 Nestum-autam
499 4294 619 4345 δόπσδοὶ
634 4293 661 4343 Μ
726 4292 880 4359 θῆήρῶων
896 4293 911 4357 ἢ
930 4292 1099 4355 δαιμόνωνΜ
1165 4290 1266 4356 θλὲγε·

140 4364 302 4426 tamtum.
318 4368 342 4414 Α
406 4366 427 4415 δ’
444 4364 512 4414 Plau.
579 4363 825 4430 9φσσινίφησίνΜ
890 4363 1038 4416 ὄτιοωΜ
1106 4362 1136 4413 10
1149 4364 1265 4427 λέγουσιν

141 4438 178 4488 ότι
191 4436 292 4487 seclusi
357 4436 386 4486 17
402 4437 459 4502 πρὶν
477 4435 545 4485 Plat.
611 4436 704 4503 χρόνῳ]
719 4440 810 4502 χρόνον
827 4435 854 4485 M
921 4436 951 4485 19
968 4433 1095 4498 ἕκφανσις]
1113 4434 1218 4498 ίμφασις
1235 4433 1264 4480 Μ

202 4508 232 4557 27
254 4510 403 4572 γενομένων,
427 4507 534 4570 γτιιθτ.
557 4510 582 4557 Α
644 4507 676 4557 28
698 4505 844 4572 γενομένης]
865 4509 1001 4572 γενομένου
1024 4506 1051 4554 Μ
1116 4504 1147 4554 29
1167 4507 1193 4555 έν
1214 4509 1266 4561 νοῐς

141 4594 193 4628 om.
214 4579 242 4627 M
308 4579 338 4626 30
359 4582 383 4629 έν
403 4583 534 4635 autemst
554 4592 608 4628 om.
627 4580 653 4628 Μ
719 4579 748 4627 31
769 4573 933 4644 σωφροσίνης
958 4574 1009 4626 ΜΕ
1074 4574 1264 4641 θθόαιιῑθτῷ

144 4665 200 4701 υιυ.
220 4650 246 4700 Μ
