3164 5512
352 451 399 505 198
725 436 865 490 ΕΡΜΕΙΟΥ
886 436 1083 487 ΦΙΛΟΣΟΦΟΥ

255 599 322 665 [169]
354 592 389 648 Τὸ
405 587 433 646 δέ
448 587 534 647 εἶδεν
549 587 649 658 αὐτὴν
666 586 747 661 μετὰ
761 587 983 668 σωρροσόνης·
1005 585 1087 658 δῆλον
1102 587 1147 644 καί
1163 585 1283 645 ίντεῖιθεν
1298 586 1339 643 θ’τι
1353 586 1414 666 περὶ
1428 592 1470 644 ’.οὔ

353 689 497 764 ἀμείνονος
520 684 619 766 ἐ’ρωτος
640 682 802 763 διαλέγεται,
824 691 883 748 πῶς
904 683 986 742 άνεισι
1006 687 1051 742 καὶ
1073 691 1132 751 τεῖος
1153 686 1266 756 κάτεισι,
1287 685 1332 743 καί
1354 684 1409 742 ἀνω
1429 688 1471 742 καὶ

353 788 426 844 κάτω
447 787 636 866 μεταρέρεται,
656 784 701 841 καί
720 790 882 863 κατακρατεῖ
903 792 953 856 τῆς
976 784 1130 860 ἐπιθυμίας·
1154 783 1226 864 λέγει
1248 783 1277 842 δέ
1299 786 1410 864 ὕστερον
1429 785 1470 840 καί

353 892 412 948 πως
425 889 640 964 κατακρατεῖται.
655 880 777 940 Διδάσκει
787 882 833 939 οὖν
846 882 887 940 ότι
897 884 923 940 οί
934 883 1048 940 ἐνταῦθα
1061 883 1281 963 ἐγκρατευόμενοι
1294 885 1339 941 καὶ
1354 884 1397 940 ἐπὶ
1408 883 1472 940 πολὺ

307 996 321 1044 5
354 989 432 1042 τοῦτο
449 982 612 1058 μελετῶντες
628 981 821 1062 περιγινόμεθα
836 983 880 1038 καὶ
896 982 932 1045 εἷς
946 984 996 1053 τήν
1013 983 1080 1039 θέαν
1095 982 1233 1064 ἐρχόμεθα
1246 990 1296 1040 τοῦ
1312 981 1470 1042 αότοκάλου.

353 1114 392 1125 -·
411 1081 446 1137 Τὸ
468 1077 496 1136 δὲ
518 1079 549 1136 έν
569 1083 655 1158 άγνῷ
679 1078 786 1158 βάθρῳ
804 1079 835 1135 τὸ
857 1080 955 1150 νοητὸν
977 1079 1060 1157 λέγει,
1084 1078 1175 1151 ἐπειδὴ
1196 1082 1210 1137 ὁ
1232 1081 1317 1144 τόπος
1342 1082 1356 1136 ό
1380 1081 1472 1152 νοητὸς

354 1179 469 1258 καθαρὸς
483 1179 527 1234 καὶ
546 1173 695 1249 ἀκίθδηλος
710 1178 755 1233 καὶ
775 1177 854 1256 άγνός
871 1177 937 1234 ἐστι·
958 1178 990 1234 τά
1008 1179 1058 1257 γάρ
1078 1177 1191 1237 ἐνταῦθα
1209 1177 1281 1238 καλά
1300 1178 1350 1245 οθκ
1367 1180 1432 1240 εἰσὶν
1449 1179 1473 1239 έν

355 1277 496 1356 ἀκραιρνεῖ
509 1275 596 1354 καλῷ.

395 1431 445 1490 νθ’.
469 1427 597 1487 ’Ἐδεισέ
613 1429 658 1504 τε]
682 1429 741 1487 254
764 1428 799 1488 B.

192 1609 195 1615 -
292 1586 324 1637 10
395 1573 430 1629 Τὸ
445 1570 517 1645 δέος,
532 1572 621 1637 καθὼς
636 1573 761 1653 ἀνωτέρω
780 1571 909 1648 είπομεν,
926 1573 966 1632 δεῖ
984 1572 1081 1634 λαθεῖν
1098 1584 1224 1635 τοιοῦτον
1244 1576 1305 1642 δέος
1324 1578 1391 1635 καθὸ
1411 1579 1476 1635 ὑπο-

356 1669 526 1746 στελλόμεθα
540 1671 602 1735 τοθς
616 1670 707 1744 θεοὺς,
723 1671 776 1752 οὔχ
787 1675 846 1730 οἷον
860 1674 927 1752 πρὸς
936 1673 999 1739 τοὺς
1008 1673 1219 1751 πολεμίους.-
1233 1677 1268 1733 Τὸ
1283 1675 1312 1735 δέ
1324 1677 1476 1735 ἀνέπεσεν

334 1769 466 1849 ’όπτίοη
489 1769 625 1827 τουτέστιν
646 1768 769 1827 είλκυσεν
790 1771 888 1842 έαυτὴν
910 1771 962 1828 ἀπὸ
983 1778 1036 1829 τῶν
1058 1774 1192 1845 αἰσθητῶν
1213 1774 1322 1831 πάντων
1346 1776 1391 1841 είς
1411 1775 1477 1831 τοθ-

356 1871 451 1930 πίσω.
466 1903 506 1915 -
517 1868 670 1926 Ἑλκόσαι
685 1866 713 1925 δέ
728 1866 802 1947 λέγει
816 1870 846 1925 τὸ
862 1868 1026 1950 ἀναδραμεῖν
1041 1872 1093 1928 ἀπὸ
1108 1881 1158 1945 τῆς
1174 1871 1242 1945 ὕλης
1255 1874 1301 1930 καί
1316 1880 1372 1931 τῶν
1387 1876 1477 1946 αἱσθη·

356 1974 409 2027 τῶν
429 1967 471 2025 ἐπὶ
490 1967 522 2024 τά
542 1968 626 2039 νοητά
645 1966 719 2041 είδη.
735 2003 774 2012 -
790 1968 849 2025 Τὸν
869 1967 902 2026 δέ
922 1965 1090 2050 θόριστήν·
1106 1972 1153 2030 τὸν
1166 1979 1215 2043 τῆς
1229 1971 1376 2049 ἐπιθυμίας
1392 1972 1475 2054 λέγει.

295 2123 325 2177 15
398 2120 431 2191 ξ’.
455 2119 653 2182 Ἀπελθόντε
675 2122 707 2181 δὲ
729 2123 899 2204 ἀπωτέρω]
924 2125 983 2185 250
1005 2123 1041 2184 C.

398 2269 491 2328 Οὐκέτι
508 2270 573 2348 πρὸς
592 2271 642 2341 τὴν
661 2274 709 2326 τοῦ
728 2268 866 2349 ἐρωμένου
885 2269 1083 2343 πλησιάσαντες
1103 2273 1258 2349 κοινωνίαν,
1278 2270 1354 2329 ἀλλὰ
1368 2272 1436 2352 πρὸς
1450 2272 1479 2328 τὸ

358 2369 464 2441 νοητόν.
482 2403 520 2414 -
535 2368 564 2424 Ὀ
579 2369 637 2445 μέν
652 2368 766 2449 ἰθριῖιτι
779 2376 883 2426 πᾶσαν
897 2365 1009 2448 ἔθραξε
1025 2372 1085 2441 την
1099 2373 1216 2453 ψυχήν·
1236 2368 1319 2452 ίδρόις
1331 2371 1383 2452 γὰρ
1399 2373 1479 2449 μέγας

357 2469 403 2527 καὶ
422 2468 493 2547 ἀγὼν
512 2469 589 2532 οὗτος
608 2473 642 2544 τῇ
662 2471 749 2549 ψυχῇ,
769 2469 799 2526 ὃν
819 2468 900 2527 ἀθλεῖ
918 2469 1074 2548 ἀναγομένη
1095 2470 1138 2527 ἐπί
1158 2471 1189 2527 τὸ
1209 2470 1319 2541 νοητόν.
1341 2472 1435 2527 -Τὸ
1455 2469 1480 2526 δε

360 2564 458 2646 μόγις
475 2560 731 2631 ἐξαναπνεόσας·
748 2569 763 2623 θ
776 2566 859 2631 ’ίπττος
872 2573 920 2624 τοῦ
933 2567 1128 2642 ἐπιθυμητικοῦ
1143 2565 1274 2640 δηλονότι
1285 2561 1388 2648 ἤρξατο
1399 2591 1481 2640 κατη-

297 2662 328 2713 20
359 2672 452 2744 γορεῖν,
465 2666 511 2722 τὸν
525 2665 641 2745 ἡνίοχον
655 2665 696 2722 ότι
708 2661 762 2724 ἔδει
775 2665 936 2746 προσελθεῖν
951 2672 1008 2730 τοῖς
1022 2668 1159 2738 αἰσθητοῖς
1169 2668 1214 2731 καί
1229 2668 1268 2741 μὴ
1283 2667 1389 2747 ρεόγειν
1404 2666 1479 2726 αότά.

360 2765 446 2821 -Τὸ
462 2762 491 2820 δὲ
508 2761 616 2836 δειλία
634 2764 688 2820 καὶ
708 2761 867 2844 ἀνανδρία
885 2763 1017 2822 λιπόντε
1035 2767 1094 2836 τὴν
1113 2761 1205 2833 τάξιν
1227 2763 1270 2823 διά
1288 2766 1320 2822 τό
1340 2768 1380 2843 μή
1401 2787 1480 2847 προτ-

361 2862 443 2938 ομιλῆ
448 2885 491 2920 σαι
505 2869 562 2927 τοῖς
576 2863 723 2934 αἰσθητοῖς.

397 3007 453 3086 ἀξαᾌ
477 3019 535 3076 Καὶ
556 3017 657 3076 πάλιν
679 3018 737 3076 οόκ
758 3020 948 3097 ἐθέλοντας]
971 3021 1029 3079 254
1052 3020 1091 3079 D.

197 3163 209 3239 s
264 3188 290 3238 p.
299 3173 346 3224 170
400 3169 441 3242 Τῷ
457 3163 513 3237 ὄντι
526 3164 571 3221 τὸν
583 3164 675 3242 ἀγῶνα
689 3172 737 3236 τῆς
751 3168 842 3245 ψυχῆς
854 3165 900 3221 καὶ
912 3167 962 3235 τήν
976 3164 1015 3246 ἐρ’
1028 3165 1139 3244 έκάτερα
1152 3165 1240 3244 ῥοπὴν
1249 3162 1292 3223 διὰ
1304 3170 1362 3223 τῶν
1376 3167 1482 3246 ρητῶνΙ

255 3265 276 3317 t·
285 3265 312 3314 71
323 3270 346 3312 r·
361 3262 463 3319 τούτων
482 3262 619 3343 ἐμφαίνει,
636 3261 676 3318 ότι
693 3262 758 3318 ποτέ
777 3263 826 3337 μέν
844 3262 983 3340 ἀνάγεται,
1004 3263 1069 3319 ποτὲ
1089 3260 1117 3318 δέ
1134 3263 1292 3341 κατάγεται,
1309 3265 1354 3320 καί
1369 3264 1427 3339 όσιρ
1440 3287 1485 3321 κα·

364 3360 441 3434 μάτιρ
458 3360 621 3439 περιγίνεται
640 3368 691 3431 τῆς
710 3360 772 3439 περὶ
792 3360 825 3416 τὰ
846 3359 960 3431 αἰσθητά
978 3362 1133 3424 κοινωνίας.
1152 3362 1244 3416 -Τὸ
1265 3359 1294 3417 δέ
1310 3361 1419 3420 πολλὰ
1435 3385 1485 3420 κα-

361 3460 461 3525 κίζων
479 3459 552 3516 εἶπεν
567 3458 619 3529 ότι,
636 3458 729 3539 φησὶν,
746 3456 860 3517 ἀπέλιπε
874 3461 922 3531 τὴν
936 3461 1002 3539 πρὸς
1017 3460 1062 3518 τὸν
1076 3456 1214 3539 ἐρώμενον
1228 3463 1384 3522 κοινωνίαν.

349 3571 352 3579 ί
405 3613 456 3685 ἔθ’.
480 3615 649 3680 Ἐλθόντος
671 3614 703 3673 δέ
724 3622 780 3673 τοῦ
803 3613 1029 3691 συντεθέντος]
1052 3615 1110 3675 254
1133 3614 1183 3701 D„

405 3762 512 3835 Ἐπειδὴ
543 3761 571 3820 δὲ
600 3761 758 3843 ὑπερέθεντο
787 3761 935 3824 εἰσαῦθις
966 3757 1186 3840 προσομιλῆσαι,
1218 3758 1486 3835 ἀναμιμνήσκει,

302 3859 332 3921 30
363 3865 440 3946 ρησί,
461 3868 515 3919 τῶν
534 3865 685 3934 συνθηκῶν.
706 3867 794 3918 Ταῦτα
813 3859 840 3916 δέ
858 3860 943 3917 πάντα
957 3859 1072 3931 <τάι>
1085 3857 1219 3935 λεγόμενα
1236 3856 1282 3921 τάς
1298 3860 1422 3929 κινήσεις
1440 3863 1488 3915 τοῦ

397 4118 428 4170 10
445 4119 561 4185 ἀνωτέρω
575 4115 631 4180 181,
647 4116 676 4165 15
906 4191 912 4197 .

397 4253 459 4304 ΤΙΤ
475 4251 505 4303 14
522 4249 639 4317 θόριστῆν
652 4249 728 4301 ίπιτον
742 4245 786 4312 τὴν
804 4249 933 4312 ἐπιθυμίαν
948 4249 1014 4312 λέγει
1031 4245 1059 4296 (θ

400 4387 446 4438 Nc
467 4390 481 4437 3
501 4389 588 4453 κρατεῖ
608 4385 636 4434 Μ
702 4384 717 4430 5
735 4382 876 4433 αὑτοκσλοῡ
894 4380 971 4442 libri;
993 4378 1135 4432 ο1,197.0
1197 4379 1318 4440 θίδεισε,
1337 4381 1349 4430 έ
1371 4380 1446 4428 rubr.
1466 4382 1488 4428 Α

431 4461 459 4509 15
477 4461 618 4511 ἀπελθόντε,
635 4453 739 4506 ἀτυθτ.
760 4458 782 4502 Α
849 4452 878 4501 16
894 4452 1064 4516 πλησιάσαντε
1080 4451 1108 4499 Μ
1172 4452 1201 4500 21
1219 4454 1298 4521 δειλίᾳ
1313 4469 1338 4501 τε
1355 4451 1428 4500 plat.

368 4534 471 4582 λιπόντα
485 4530 551 4579 Plau
563 4526 657 4578 cod.B
721 4524 751 4574 23
768 4527 819 4586 καί,
835 4524 939 4574 xrubr.
955 4527 978 4572 Α
1043 4523 1073 4572 24
1091 4521 1207 4589 ἑκάτερον
1223 4522 1251 4570 Μ
1318 4522 1350 4571 28
1367 4525 1490 4578 ἐλθόντος,

370 4602 472 4653 έῑιιθῐ.
492 4606 516 4650 Α
579 4595 751 4661 mmm
816 4598 843 4647 τὸ
861 4596 969 4655 εἰσαῦθις
990 4595 1016 4644 Μ
1083 4592 1113 4642 30
1130 4596 1287 4646 συνθικῶνθ
1352 4594 1385 4645 τάι
1399 4591 1491 4641 addidi
