3150 5504
308 470 339 522 46
679 457 821 510 ΕΡΜΕΙΟΥ
842 456 1039 507 ΦΙΛΟΣΟΦΟΥ

225 611 275 679 [82]
309 605 418 686 είρηται
438 612 492 663 τῶν
513 605 699 663 παλαιόντων·
723 604 839 684 φανερὸς
861 603 913 682 γάρ
934 625 975 667 τις
1000 601 1157 683 ἀφορίζεται
1178 602 1261 666 τόπος
1284 602 1312 660 ἐν
1335 608 1358 680 ᾦ
1381 627 1432 661 πα-

308 705 441 776 λαίουσιν,
466 707 524 762 οἷον
547 702 719 781 τετράγωνον
742 701 962 781 πεπληρωμένον
986 701 1112 777 ψάμμου·
1141 701 1164 757 εί
1184 697 1282 774 συνέθη
1302 701 1350 760 οὖν
1370 704 1434 768 τοὺς

306 802 474 867 παλαίοντας
490 803 613 860 ἐκπεσεῖν
626 807 675 858 τοῦ
690 800 872 880 τετραγώνου,
886 799 992 858 τοιόνδε
1003 808 1100 881 σχῆμα
1113 800 1139 858 ἐν
1153 806 1194 876 τῷ
1208 800 1337 860 παλαίειν
1351 799 1429 882 ἕχον·

309 924 356 965 τας
370 904 428 959 οἷον
443 902 460 973 ἢ
475 900 746 981 περιπεπλεγμένους
762 899 822 964 τοὺς
835 897 921 964 πόδας
935 899 953 970 ἢ
967 902 1001 956 τὰ
1011 905 1085 956 νῶτα
1094 900 1260 980 κατέχοντας
1269 905 1318 956 τοῦ
1328 901 1431 980 ἐτέρου,

262 1005 276 1053 5
309 999 444 1058 ἐνίσταντο
462 1000 619 1064 ἐκπεσόντες
638 1004 686 1055 τοῖι
703 998 876 1078 τετραγώνου
895 999 940 1055 καὶ
956 997 1078 1080 ἤρχοντο
1093 998 1137 1055 ἐπὶ
1152 998 1184 1055 τὸ
1200 999 1372 1078 τετράγωνον
1387 999 1433 1055 καί

309 1096 430 1155 ἐδίδοσαν
450 1100 554 1164 ἐαυτοῖς
572 1098 604 1155 τὸ
624 1097 690 1154 αὐτὸ
705 1104 801 1178 σχῆμα
817 1104 867 1168 τῆς
881 1095 973 1169 πάλης
988 1099 1003 1153 6
1020 1098 1097 1178 εἶχον
1113 1095 1159 1154 ότε
1176 1089 1309 1169 ἐξέπεσον,
1326 1098 1386 1154 οἶον
1400 1097 1434 1153 τά

309 1202 382 1253 νῶτα
398 1199 524 1278 ’κατέχειν
544 1196 562 1267 ἢ
580 1193 799 1276 περιπεπλέχθαι
817 1193 878 1261 τοὺς
896 1193 992 1268 πόδας,
1013 1195 1059 1252 καὶ
1079 1195 1164 1260 οὕτως
1178 1188 1206 1261 ἐξ
1221 1196 1346 1275 ὑπαρχῆς
1367 1194 1432 1252 ἐπά-

309 1293 398 1351 λαιον·
416 1295 462 1351 καί
476 1299 556 1351 τοῦτο
571 1289 626 1350 ’ἐστι
641 1294 671 1350 τὸ
688 1293 737 1356 είς
749 1293 807 1356 τάς
823 1293 942 1368 όμοίας
957 1288 1070 1358 λαθάς.
1086 1294 1121 1349 Τὸ
1135 1291 1164 1349 δὶ
1180 1297 1244 1349 τῶν
1258 1290 1433 1367 κωμῳδιο-

307 1399 423 1463 ποιῶν,
440 1391 532 1464 ἐπειδὴ
549 1391 615 1471 όπερ
629 1394 643 1448 6
658 1390 766 1470 ἐρωτῶν
780 1391 877 1470 ἠρώτα
892 1397 972 1448 τοῦτο
988 1393 1002 1447 6
1017 1392 1230 1472 ἀποκρινόμενος
1242 1397 1282 1466 τῷ
1296 1390 1434 1470 ἐρωτῶντι

247 1495 277 1545 10
308 1493 339 1547 τὸ
359 1490 424 1547 αὐτὸ
444 1488 549 1569 ἔλεγεν,
566 1492 635 1547 οῖον·
659 1486 796 1546 αδέδωκά
815 1512 857 1546 σοι
878 1495 970 1546 τοῦτο·
990 1514 1003 1544 ν
1027 1490 1087 1547 εἶτα
1107 1489 1218 1553 ἐκεῖνος·
1238 1514 1252 1544 ιι
1273 1486 1378 1544 δέδωκά
1393 1509 1435 1543 σοι

308 1595 398 1649 τοῦτο.
416 1614 430 1643 ι)
454 1589 533 1667 Λέγει
556 1589 604 1662 μὲν
626 1589 657 1644 τὸ
679 1586 807 1666 άνωτέρω
826 1588 983 1667 είρημένον·
1008 1588 1074 1668 όπερ
1093 1588 1145 1668 γάρ
1167 1591 1181 1644 6
1202 1589 1351 1668 Σωκράτης
1375 1586 1435 1643 εῖπε

307 1689 369 1768 περὶ
386 1685 517 1763 Φαίδρου,
539 1688 781 1766 σχηματιζομένυυ
803 1692 852 1743 τοῦ
877 1685 998 1767 Φαίδρου
1025 1688 1063 1762 μὴ
1090 1685 1218 1744 δύνασθαι
1242 1685 1345 1765 λέγειν·
1371 1710 1385 1740 ιι
1406 1685 1434 1741 εἰ

310 1786 373 1865 ἐγὼ
393 1784 538 1864 Φαῖδρον
558 1786 666 1864 ἀγνοῶ
685 1786 741 1842 καὶ
760 1785 908 1860 ἐμαυτοῦ
928 1785 1171 1862 ἐπιλέλησμαι,
1192 1810 1205 1839 ι)
1226 1791 1306 1841 τοῦτο
1327 1784 1372 1841 καί
1388 1789 1433 1839 νῦν

202 1895 295 1947 1⁰30?
311 1907 392 1965 φησιν
407 1886 421 1940 6
436 1881 553 1963 Φαῖδρος
565 1884 628 1964 περὶ
642 1883 801 1964 Σωκράτους
816 1883 918 1962 λέγειν·
939 1884 943 1963 Ι
964 1909 978 1939 ιι
997 1885 1024 1942 εί
1045 1884 1108 1963 ἐγώ
1127 1885 1308 1964 Σωκράτην
1325 1883 1434 1961 ἀγνοῶ

247 1988 278 2037 15
310 1985 365 2039 καὶ
386 1982 530 2056 ἐμαυτοῦ
550 1981 790 2056 ἐπιλέλησμαι.
809 2006 823 2036 υ
846 1981 1025 2040 Ἐνδείκνυται
1040 1981 1069 2039 δέ
1084 1983 1136 2053 ότι,
1153 1982 1198 2040 ότε
1212 1983 1245 2038 τά
1262 1981 1436 2060 προελθόντα

310 2083 348 2147 είς
362 2082 407 2147 τὰς
421 2082 522 2144 οἰκείας
540 2081 624 2161 ἀρχάς
642 2079 799 2160 άναδράμη,
821 2082 867 2147 είς
886 2082 944 2145 τὰς
964 2084 978 2138 6
986 2082 1084 2156 μοίας
1104 2077 1207 2146 λαθὰς
1226 2079 1337 2159 λέγεται
1353 2079 1431 2151 ίέναι,

289 2168 292 2173 ³
310 2180 346 2245 ὡς
364 2178 410 2260 ἀρ’
424 2182 463 2236 ών
481 2180 620 2258 προῆλθεν
639 2172 679 2243 είς
699 2180 798 2244 ταάτας
816 2180 1029 2259 ὑποστρέψαντα.
1045 2216 1086 2225 ·-
1103 2183 1138 2238 T6
1158 2178 1186 2236 δέ
1200 2178 1371 2260 3ράπτεσθαι
1391 2181 1434 2234 καὶ

310 2277 526 2357 σχηματίζεσθαι
540 2278 586 2334 τὸν
602 2277 745 2356 Σωκράτη,
762 2278 799 2342 ώς
812 2300 879 2357 ιρησι
893 2276 1026 2358 Φαῖδρος,
1038 2278 1090 2359 οὐχ
1105 2278 1202 2353 ὁμοῖόν
1216 2277 1318 2353 ἐστιτῇ
1330 2274 1436 2355 θρύψει

310 2381 357 2432 τοῦ
375 2373 502 2454 Φαίδρου·
526 2375 540 2430 6
561 2374 610 2449 μέν
629 2377 680 2454 γὰρ
700 2373 819 2454 Φαῖδρος
840 2382 879 2450 τῷ
898 2373 957 2432 όντι
976 2376 1176 2456 ἐσχηματίζετο
1195 2377 1242 2432 άτε
1263 2375 1321 2438 νέος
1336 2373 1374 2431 ῶν
1389 2375 1435 2429 καί

248 2475 279 2524 20
313 2472 404 2546 μόνοις
426 2479 484 2535 τοῖς
506 2465 558 2538 ἐξω
580 2472 684 2537 εἰωθὼς
704 2473 810 2553 χαίρειν
831 2474 876 2530 καί
899 2473 989 2531 ἐκεῖνα
1009 2471 1175 2549 θαυμάζειν,
1199 2475 1213 2530 6
1236 2471 1265 2529 δέ
1287 2473 1434 2551 Σωκράτης

312 2568 512 2645 ἐκκαλούμενος
533 2572 579 2635 τάς
598 2570 702 2650 ἐφέσεις
715 2577 763 2628 τοῦ
779 2570 839 2628 νέου
853 2572 898 2628 καὶ
916 2573 952 2637 είς
967 2571 1056 2651 ἐ’ρωτα
1069 2574 1114 2629 καί
1130 2572 1274 2647 ἐπιθυμίαν
1289 2571 1370 2628 αὐτὸν
1385 2592 1433 2626 κα-

312 2672 401 2734 θιστάς
422 2675 470 2726 τοῦ
491 2668 554 2748 παρ’
576 2669 650 2744 αὐτῷ
671 2668 770 2731 καλοῦ.
789 2669 874 2727 -Ἤ
896 2669 925 2728 δέ
948 2672 994 2749 βία
1014 2677 1062 2729 τοῦ
1084 2671 1203 2751 Φαίδρου
1223 2672 1269 2728 καὶ
1291 2673 1321 2727 τὸ
1345 2670 1435 2748 λέγειν

310 2769 433 2840 <ότι>
450 2768 538 2843 μόνω
553 2769 626 2845 [μὲν]
644 2768 720 2824 ἐστὸν
734 2770 779 2826 καὶ
798 2769 829 2826 ἐν
848 2770 974 2847 ἠρεμίᾳ
991 2772 1036 2826 καὶ
1057 2770 1277 2851 ἰσχυρότερον
1293 2769 1340 2825 καὶ
1356 2767 1435 2826 νεώ-

311 2888 419 2946 τερον,
440 2866 527 2922 πάντα
546 2872 630 2923 ταῦτα
649 2868 735 2924 οίκεῖα
755 2867 878 2941 ὀνόματα
896 2874 954 2933 τοῖς
973 2867 1078 2931 ἐνάλοις
1097 2869 1143 2925 καί
1159 2867 1273 2947 γεώδεσι
1289 2870 1334 2925 καί
1350 2869 1434 2941 μήπω

250 2963 280 3013 25
314 2964 479 3043 άνηγμένοις
498 2963 569 3039 μηδὲ
587 2963 811 3045 κεκαθαρμένοις,
833 2966 849 3021 6
870 2967 977 3047 ὑπῆρχε
992 2973 1032 3042 τῷ
1049 2966 1173 3046 Φαίδρῳ.
1190 3002 1230 3011 -
1243 2967 1278 3023 Τὸ
1293 2964 1321 3022 δὲ
1341 2964 1435 3022 αὐτο-

312 3062 498 3144 σχεδιάζων
513 3064 573 3119 ἀντὶ
587 3069 646 3120 τοῦ·
663 3063 788 3143 ἀχρόνως
804 3062 920 3143 ἐνεργῶν
934 3065 980 3120 καὶ
996 3065 1176 3138 άπληθάντως
1189 3065 1234 3122 καί
1249 3065 1369 3144 άμερῶς.

353 3241 418 3298 μς·’.
444 3221 616 3301 <’Λγαθὸν
638 3222 837 3303 ποιητήν>]
864 3225 922 3283 236
945 3224 984 3283 Ι),

353 3366 484 3446 ’Λγαθδν
503 3368 639 3439 ποιητὴν
658 3365 739 3425 καλεῖ
753 3369 800 3424 τὸν
815 3366 916 3424 Λυσίαν
932 3366 976 3425 διά
990 3368 1040 3439 τὴν
1055 3365 1232 3424 καλλιέπειαν
1248 3366 1285 3430 ῶς
1296 3362 1393 3446 ἔχοντά
1408 3385 1435 3422 τι

312 3465 397 3523 καλὸν
414 3466 484 3523 κατα
503 3467 553 3534 τήν
573 3466 708 3539 συνθήκην
726 3471 781 3523 τῶν
801 3465 943 3543 ῥημάτων·
959 3466 1047 3522 πάντα
1061 3467 1113 3544 γὰρ
1129 3466 1239 3544 μετέχει
1253 3468 1301 3520 τοῦ
1320 3463 1436 3539 ἀγαθοῦ,

251 3590 282 3640 30
314 3565 381 3620 όπου
399 3565 444 3620 καὶ
464 3567 481 3635 ἡ
502 3564 569 3635 θλη·
591 3564 621 3619 οὐ
641 3565 693 3642 γάρ
712 3561 750 3620 ἐ’νι
770 3562 885 3642 ἄκρατον
904 3564 1000 3622 κακόν.
1017 3564 1104 3619 -Τὸ
1124 3562 1153 3620 δε
1172 3563 1287 3638 όμνθναι
1303 3562 1370 3617 κατά
1388 3568 1439 3633 τῆς

313 3660 450 3719 πλατάνου
469 3664 516 3718 τὸν
531 3660 648 3742 Φαῖδρον
663 3663 814 3737 ὁμοιότητα
829 3660 887 3743 ἔχει
900 3669 939 3736 τῷ
958 3668 1124 3741 Σωκρατικῷ
1140 3661 1212 3741 ὅρκῳ
1227 3683 1265 3735 τῳ
1279 3664 1327 3716 τοῦ
1341 3659 1434 3731 κυνὸς,

223 3801 250 3851 Ρ,
266 3786 297 3838 33
314 3762 360 3819 καὶ
376 3757 447 3819 ἐὀικε
466 3761 534 3825 τέως
548 3762 617 3818 κατὰ
631 3766 710 3817 τοῦτο
726 3759 887 3841 ώρελῆσθαι
902 3764 916 3817 6
935 3762 941 3840 Ι
959 3759 1077 3841 Φαῖδρος
1096 3761 1135 3824 είς
1151 3759 1303 3835 ὁμοιότητά
1316 3778 1376 3821 πως
1397 3763 1438 3831 τῷ

345 3992 580 4058 8κωμῳδιοποιών
601 3988 637 4039 01.
654 3987 740 4039 schol.
761 3986 849 4037 2360
878 3988 913 4051 (p.
933 3986 979 4036 267
1004 3987 1110 4049 Herm.)
1175 3985 1205 4035 12
1227 3986 1278 4036 εί...
1302 3982 1333 4034 13
1355 3986 1438 4034 ἑπιλί·

316 4070 411 4128 λησμαι
425 4062 472 4112 228
487 4062 509 4111 Β

349 4176 396 4226 Nc
421 4177 435 4226 Λ
456 4172 709 4241 περιπεπλεγμένους]
733 4174 947 4239 περιπεπλεγμένα
971 4170 998 4219 Μ
1028 4169 1093 4232 [jam
1119 4172 1276 4219 correxerat
1301 4168 1368 4226 Asr}

316 4245 498 4298 5άνίσταντοί
560 4245 591 4294 10
606 4242 690 4308 τοῦτο]
713 4246 769 4294 τόδε
792 4243 878 4293 schol.
944 4242 974 4290 14
989 4239 1080 4304 λέγειν]
1097 4243 1177 4304 λέγων
1191 4242 1250 4288 ΛΒΤ
1314 4238 1335 4287 εί
1350 4236 1400 4301 ἐγὼ
1418 4229 1439 4285 ὦ

316 4317 449 4385 Σώκρατες
464 4316 533 4367 plat.
598 4315 722 4382 Σωκράτη
739 4315 807 4364 Prat.
875 4314 904 4364 17
917 4309 1017 4376 ταύτας]
1032 4315 1110 4362 ταῦτα
1128 4312 1156 4360 M
1220 4309 1252 4360 18
1268 4307 1392 4375 Σωκράτη
1410 4307 1437 4356 Μ

315 4389 346 4438 21
367 4391 409 4439 καί
433 4390 467 4447 είς
488 4392 619 4452 ἐπιθυμίαν
641 4387 670 4436 Μ
734 4386 764 4434 23
787 4386 823 4437 ότι
843 4385 934 4435 addidi
1000 4384 1042 4448 μὲν
1065 4383 1167 4432 seclusi
1231 4379 1312 4443 ἐστὸν]
1333 4376 1396 4428 εἶναι
1410 4378 1439 4426 Μ

317 4459 400 4523 (ἐσμὲν
424 4460 450 4511 δὲ
473 4464 541 4523 μόνω
565 4464 590 4511 ἐν
613 4461 704 4528 ἐρημία
728 4457 809 4519 Ρίαῐ.)
872 4459 914 4506 καὶ
932 4455 968 4520 ἐν]
987 4456 1029 4505 καί
1047 4453 1201 4504 evanid.in
1216 4456 1240 4502 Λ
1304 4450 1335 4499 24
1353 4448 1440 4514 μήπω]

318 4533 373 4594 μηδ’
401 4531 430 4580 Μ
494 4531 526 4581 26
556 4527 727 4595 άπληθάντως]
756 4531 943 4592 άπληθνντικῶς
970 4529 1029 4575 ΛΒΤ
1091 4525 1121 4576 27
1150 4526 1255 4576 lemma
1285 4520 1377 4572 addidi

316 4601 347 4651 28
364 4603 467 4667 ἀγαθὸν,
486 4605 501 4653 ά
516 4602 590 4653 rubr.
604 4606 628 4652 Α
