3150 5504
397 473 451 523 ειε
473 438 539 524 τοιιΙ
557 475 733 539 ιιιετυυορ
752 476 894 526 mmm
919 477 1041 528 εεοιιε
1073 454 1076 461 ’
1245 488 1275 540 73

66 624 121 692 [97]
152 621 224 678 τείαν
249 618 406 702 διατρίθων,
429 625 444 680 6
466 621 495 680 δὲ
517 623 579 682 οὐδὲ
601 626 688 705 δρθῶς
710 628 769 706 περί
789 627 930 685 πολιτείαν
949 628 1185 709 ἀναστρεφόμενος
1203 629 1275 688 ἀλλά

154 715 322 800 διαστρόρως
337 724 382 778 καί
395 723 562 802 πανούργως·
578 725 729 805 ἀμρότεροι
745 727 792 800 μέν
806 724 853 783 οὖν
867 728 1050 805 ἁμαρτάνουσι
1063 730 1108 784 καί
1124 731 1138 785 6
1153 728 1275 809 δείτερος

151 820 196 875 καί
210 819 225 876 6
240 820 337 899 τρίτος,
355 821 393 886 ὡς
406 829 455 893 τῆς
465 823 618 902 πρωτίστης
633 825 677 880 καί
691 823 834 897 καλλίστης
848 825 983 906 ἐνεργείας
998 827 1185 908 ἀρεσσάμενοι,
1201 826 1275 886 ἀλλὰ

151 917 236 975 πλέον
260 920 275 975 6
297 917 387 997 τρίτος
413 926 461 977 τοῦ
487 919 611 1001 δευτέρου
635 924 794 1002 ἁμαρτάνει.
822 930 864 1001 Τῷ
894 925 943 998 μέν
971 925 1022 1004 γάρ
1051 922 1166 1006 δευτέρῳ
1190 926 1273 1004 ῥᾴστη

106 1019 121 1067 5
152 1019 297 1091 ἧν<ἡ>
311 1019 353 1076 έπί
368 1021 414 1077 τὸν
429 1026 538 1100 πρῶτον
555 1021 706 1102 ἀναδρυμή,
724 1028 762 1100 τῷ
781 1021 809 1080 δὲ
827 1024 909 1102 τρίτῳ
927 1023 1045 1104 χαλεπή.
1069 1024 1212 1104 ’Δναλογεῑ
1228 1025 1274 1084 οὖν

152 1122 190 1195 τῷ
210 1117 259 1192 μἐν
276 1116 422 1199 δευτέρῳὸ
444 1121 603 1200 Σωκράτους
625 1121 718 1200 λόγος,
734 1128 770 1200 τῷ
791 1121 819 1179 δέ
836 1124 919 1201 τρίτῳ
941 1125 955 1179 6
976 1123 1086 1180 Λυσίου·
1106 1130 1143 1201 τῷ
1160 1125 1275 1208 μὲνγὰρ

154 1218 294 1295 Σωκράτει
314 1220 332 1289 ί,
355 1218 398 1274 έπί
420 1219 467 1284 τάς
485 1220 585 1284 οίκείας
607 1221 693 1302 ἀρχὰς
719 1220 825 1292 ἀνοδος,
850 1222 983 1279 τουτέστιν
1007 1222 1050 1279 ἐπὶ
1071 1224 1121 1293 την
1143 1227 1273 1303 θεωρίαν,

153 1313 237 1390 ῥᾴστη
258 1317 301 1373 καί
325 1315 447 1396 ειίμαρής
468 1316 589 1397 (πρῶτον
612 1319 661 1392 μὲν
682 1320 734 1397 γάρ
757 1317 819 1377 οὐδὲ
839 1321 889 1389 τήν
911 1316 1034 1399 δευτέραν
1057 1319 1188 1398 ἐνέργειαν
1208 1342 1273 1400 πρυ-

152 1407 258 1470 θέλλων
274 1414 404 1495 ἀρίστατο
418 1424 467 1488 τῆς
481 1417 600 1496 πρώτης·
617 1415 709 1475 ἔπειτα
729 1419 751 1475 εί
767 1419 812 1474 καί
832 1417 974 1499 ἀρίστατο,
990 1415 1055 1476 ἀλλ’
1072 1417 1119 1474 οὖν
1135 1417 1166 1474 οὖ
1181 1419 1274 1497 πόρρω

88 1506 121 1558 1⁰
152 1510 235 1583 αέτῆς
244 1513 279 1583 ἧν
290 1515 335 1570 καί
346 1516 406 1594 περί
416 1514 466 1584 τήν
477 1514 600 1595 δευτέραν
610 1516 761 1574 κατελθών·
773 1521 820 1572 τοῦ
831 1515 882 1596 γάρ
896 1518 1058 1595 ὑποστρέψαι
1072 1517 1154 1591 μόνον
1164 1515 1272 1594 ἐδεῖτο),

152 1615 188 1686 τῷ
201 1608 230 1667 δέ
241 1613 325 1683 Λυσία
339 1614 385 1670 ἀτε
401 1617 552 1696 μοχθηρῶς
565 1616 609 1671 καί
619 1621 728 1694 μιαρῶς
740 1614 965 1696 ἀναστρερομένῳ
985 1613 1034 1671 οὐκ
1055 1614 1189 1694 εὐμαρὴς,
1208 1613 1273 1671 ἀλλά

151 1708 195 1765 καί
209 1707 311 1790 σρόδρα
325 1709 437 1790 χαλεπὴ
452 1716 470 1783 ἡ
487 1711 529 1770 ἐπί
545 1713 593 1776 τάς
609 1713 695 1794 ἀρχὰς
708 1711 817 1780 ἀ’νοδος.
831 1747 869 1756 -
882 1714 917 1770 Τὸ
933 1711 979 1770 οὖν
993 1714 1200 1792 καθήρασθαί
1220 1713 1274 1770 ἐστι

150 1806 197 1862 τὸν
218 1806 349 1886 Σωκράιη
366 1806 436 1891 [τὸν]
453 1807 597 1867 ἀποθέσθαι
613 1809 660 1873 τάς
682 1808 805 1889 δευτέρας
823 1811 869 1866 καί
888 1808 1046 1890 κοιλοτέρας
1068 1811 1207 1889 ἐνεργείας
1229 1812 1274 1867 καί

152 1906 314 1985 ὑποστρέψαι
338 1906 381 1964 ἐπὶ
404 1907 452 1973 τάς
475 1909 574 1974 οίκείας
598 1908 729 1988 ἐνεργείας
753 1910 801 1974 τάς
823 1908 931 1988 πρώτας
954 1910 999 1965 καί
1025 1909 1130 1987 νοεροίς.
1157 1910 1202 1966 Διὸ
1229 1911 1274 1966 καίΙ

86 1999 118 2050 ¹5
150 2002 292 2083 ἀρχαῖον
314 2004 395 2062 αὐτὸν
417 2006 554 2064 ἐκάλεσεν·
578 2001 607 2074 ἐξ
626 2006 713 2065 ἀιδίου
731 2008 780 2087 γάρ
802 2009 828 2063 αἱ
848 2007 933 2086 ψυχαί
952 2006 1135 2085 προελθοῦσαι
1155 2007 1207 2064 ἀπὸ
1223 2016 1273 2079 τῆς
1300 2078 1302 2082 y

150 2103 251 2160 ἐαυτῶν
271 2103 359 2183 ἀρχῆς
381 2103 463 2161 πάλιν
485 2107 522 2170 είς
545 2106 628 2177 αὐτὴν
647 2108 865 2187 ὑποστρέρουσιν.
887 2106 960 2178 Αὕτη
980 2103 1009 2162 δέ
1028 2105 1082 2163 ἐστι
1093 2086 1145 2162 ’καί
1164 2109 1181 2177 ί,
1202 2107 1275 2184 περί

149 2203 207 2272 τὴν
228 2202 435 2281 μυθολογία-ι
456 2204 586 2282 ἁμαρτία,
601 2207 632 2262 τὸ
652 2205 704 2283 γάρ
719 2207 780 2283 περὶ
794 2207 845 2276 τήν
861 2201 1012 2282 θεολογίαν
1027 2206 1156 2283 ἁμαρτεῖν
1177 2204 1207 2282 (ἡ
1224 2204 1274 2284 γάρ
1303 2270 1305 2273 ¹

152 2297 302 2377 μυθολογία
325 2299 460 2379 Βεολογία
483 2304 523 2368 τίς
549 2302 624 2383 66th-
656 2304 687 2359 τὸ
717 2302 763 2360 οὖν
790 2305 829 2378 με’,
857 2302 1000 2384 έμρρόνως
1027 2303 1089 2380 περί
1112 2304 1163 2372 τήν
1187 2304 1274 2376 μυθο-

58 2392 132 2455 1)·93
153 2395 248 2475 λογίαν
263 2398 458 2480 ἀνεΙστράρθαι,
474 2402 594 2458 τουτέστι
605 2402 636 2458 τὸ
653 2403 691 2475 μὴ
712 2401 851 2482 ἐμρρδνως
865 2408 1067 2480 κατακρατῆσαι
1085 2408 1136 2470 τῆς
1155 2397 1273 2464 διανοίας

87 2491 119 2540 2⁰
149 2501 202 2552 τῶν
227 2494 434 2571 μυθοπλάστων,
457 2496 530 2555 ἀλλά
551 2505 588 2576 τῷ
613 2500 764 2580 ραινυμένῳ
789 2497 911 2571 ἕπεσθαι,
937 2498 1086 2577 ἁμάρτημά
1114 2497 1169 2554 ἐστι
1195 2497 1273 2576 περί

152 2593 365 2674 μυθολογίαν.
391 2594 424 2652 ‘¹0
444 2598 488 2653 καίΙ
512 2599 592 2653 νῦνὸ
618 2599 765 2677 Σωκράτης
791 2599 906 2655 πέπονθε
927 2598 974 2654 τὸν
998 2594 1085 2676 ἔρωτα
1107 2594 1274 2674 λοιδορησά-

152 2715 246 2767 μενος,
270 2695 292 2751 εί
311 2695 413 2751 καὶτὸν
432 2693 580 2752 ἀκίλαστον
597 2694 658 2753 ἀλλ’
673 2694 719 2754 οὗν
732 2697 762 2752 τδ
776 2700 825 2752 τοῦ
838 2693 935 2774 έρωτος
951 2693 1049 2770 ὄνομα.
1066 2695 1139 2765 Αὕτη
1158 2694 1208 2768 μὲν
1225 2691 1273 2748 οὖν

151 2795 168 2862 έ,
189 2794 249 2871 περὶ
267 2795 317 2863 την
338 2793 507 2871 μυθολογίαν
527 2795 655 2873 ἁμαρτία.
677 2795 820 2874 Καθαρμδς
840 2793 868 2850 δέ
889 2794 991 2864 ταθτης
1012 2801 1063 2863 τῆς
1086 2791 1220 2870 ἁμαρτίας
1242 2791 1272 2847 τὸ

151 2886 331 2970 προδαλέσθαι
350 2892 398 2956 τάς
415 2891 528 2964 ἀληθείς
547 2893 592 2948 καί
613 2892 827 2956 ένθουσιαστικάς
847 2893 907 2970 περί
924 2897 972 2947 τοῦ
987 2888 1086 2970 ἔρωτος
1105 2889 1223 2960 ἑννοίας,
1240 2889 1272 2952 ἀς

88 3008 119 3058 25
151 2990 272 3070 περιέχει
287 2993 304 3060 ἐ,
320 2987 486 3064 παλινῳδία.
504 2989 548 3046 Διὸ
566 2992 610 3045 καί
626 2988 707 3046 πάλιν
721 2989 763 3046 ἐπί
777 2991 827 3059 τήν
839 2989 956 3068 ἀρχαίαν
969 2986 1043 3063 ᾠδὴν
1056 2989 1106 3059 τὴν
1117 2974 1283 3065 πρωτίστην1
1297 2998 1300 3006 ’

151 3085 329 3165 έπανέδραμε.
349 3089 387 3145 Ti
408 3087 436 3144 δέ
454 3089 513 3167 περὶ
531 3086 682 3162 μολυσμῶν
699 3091 744 3145 καί
762 3090 911 3167 καθαρμῶν
931 3085 986 3144 ὧδε
1007 3085 1127 3143 λεκτέον·
1143 3087 1204 3164 περὶ
1223 3086 1238 3140 6
1258 3086 1272 3141 6

151 3185 305 3261 μολυσμὸς,
328 3187 389 3266 περί
409 3188 553 3244 τοῦτοκαὶ
572 3189 586 3242 6
605 3186 847 3266 καθαρμός.Ἔστι
868 3183 895 3242 δέ
915 3184 1004 3242 ’έννοια
1024 3182 1169 3259 μολυσμοῦ
1189 3180 1273 3240 ἀλλο-

149 3285 224 3364 τρίου
238 3287 391 3365 προσθήκη,
408 3282 497 3342 ἔννοια
512 3283 540 3341 δέ
555 3283 611 3341 ἐστι
623 3287 765 3363 καθαρμοῦ
782 3283 932 3363 ἀλλοτρίου
951 3283 1099 3363 ἀφαίρεσις.
1117 3280 1225 3339 Γίνεται
1245 3279 1274 3337 δέ

151 3385 166 3439 6
182 3382 325 3458 μολυσμὸς
341 3384 386 3441 καί
407 3384 459 3440 ἀπὸ
476 3391 527 3455 τῆς
548 3381 630 3462 ἀκρας
645 3386 727 3457 ἡμῶν
746 3385 838 3462 ψυχῆς
858 3381 923 3463 ἀχρι
941 3382 986 3438 καί
1006 3387 1061 3437 τῶν
1081 3377 1273 3459 ἐξηρτημένων

89 3498 120 3546 30
151 3481 275 3563 έσχάτως
297 3485 390 3556 ἡμῶν·
414 3483 460 3538 καί
483 3482 635 3562 πρδσρορος
657 3481 761 3555 έκάστῳ
782 3482 827 3537 καί
848 3481 862 3536 6
885 3478 1037 3558 καθαρμός.
1064 3481 1127 3535 Οίον
1149 3476 1204 3535 ἔστι
1227 3480 1272 3535 καί
1298 3481 1302 3495 “

152 3580 280 3655 σώματος
296 3580 437 3655 μολυσμὸς
452 3581 483 3638 τὸ
497 3578 588 3652 πηλὸν
603 3580 625 3638 εί
640 3579 720 3660 τέχοι
734 3579 778 3634 καίΙ
795 3574 928 3658 βδρθορυν
945 3585 1073 3649 πατῆσαι,
1089 3578 1133 3633 καί
1154 3577 1176 3634 εί
1193 3577 1231 3651 μή
1246 3598 1273 3632 τι

152 3676 223 3736 ἀλλο
243 3684 342 3758 προσῇ,
364 3677 429 3759 ἀχρι
447 3684 494 3736 τοῦ
513 3679 642 3754 σώματος
660 3676 733 3734 ἐσται
752 3679 767 3733 6
786 3676 940 3752 μολυσμός·
962 3674 1002 3732 διὸ
1021 3676 1066 3732 καί
1083 3675 1187 3740 είιίατός
1203 3674 1270 3732 ἐστι·

152 3774 265 3856 λουτρὸν
282 3777 332 3857 γάρ
357 3777 434 3842 εὐθὺς
458 3777 539 3834 αὐτὸν
561 3775 694 3855 καθαίρει.
715 3774 789 3832 Ἔστι
806 3776 851 3831 καί
870 3778 918 3832 τοῦ
936 3774 1091 3848 πνεύματος
1115 3772 1270 3848 μολυσμός·

152 3873 203 3930 ἀπὸ
219 3873 270 3953 γάρ
284 3895 365 3930 τινων
379 3873 472 3949 ἀτμῶν
488 3874 511 3931 εί
531 3873 610 3952 τίχυι
629 3872 656 3928 έν
675 3870 764 3929 τοῖσδε
785 3877 841 3935 τοῖς
862 3870 1022 3949 ἀκαθάρτοις
1042 3869 1136 3934 τόποις
1153 3871 1198 3926 καί
1219 3870 1271 3926 ἀπὸ

183 4120 426 4189 Νὒθπρωτίστης]
441 4120 540 4187 πρώτης
560 4121 587 4170 Μ
604 4120 639 4171 υί.
654 4118 738 4176 72,26
800 4117 944 4181 έμένοει.
962 4117 989 4166 Μ
1056 4117 1209 4180 δήεᾱᾱίθί

150 4193 182 4244 10
197 4197 322 4244 κατελθὼν
337 4193 431 4257 scripsi
448 4207 454 4240 τ
468 4195 596 4259 κατορθῶν
608 4192 669 4241 libri
731 4189 762 4241 12
779 4187 840 4254 έστιί
854 4191 893 4240 ἐπί
909 4189 937 4238 Μ
1003 4190 1033 4238 13
1048 4188 1180 4255 Σωκράτη,
1195 4209 1226 4252 τη
1237 4194 1273 4240 Aa

152 4263 289 4331 Σωκράτην
306 4264 333 4313 Μ
398 4265 440 4314 τὸν
451 4262 570 4312 seclusi:
586 4264 614 4314 τὸ
627 4266 686 4313 Αετ
700 4276 705 4310 :
721 4260 783 4310 tort.
797 4258 898 4308 desunt
908 4258 1044 4309 nonnulla
1056 4258 1083 4308 iu
1099 4258 1199 4322 quibus
1214 4274 1273 4310 ver·

153 4336 219 4385 bum
239 4338 375 4401 καθαρμός,
395 4336 441 4384 cui
464 4335 566 4384 referas
586 4335 661 4386 αὐτὸν
684 4333 702 4383 l.
725 4333 754 4381 15
820 4331 848 4380 17
870 4329 924 4393 τὴν,
946 4339 1009 4380 ante
1033 4333 1192 4396 μυθολογίαν.
1218 4345 1272 4382 om.

154 4406 316 4456 Plat.ct.21
381 4406 455 4463 2463
470 4409 608 4463 Αεττοῦς
623 4404 685 4454 libri
701 4404 739 4467 (ἀς
754 4415 787 4451 ex
804 4405 848 4459 οὓς
863 4400 894 4464 Ε)
959 4400 1207 4467 26έπανὰδραμεΜ

152 4470 201 4524 ὧδε
216 4489 250 4524 ex
266 4469 314 4524 ὧδε
330 4478 362 4534 Α,
379 4475 417 4524 sie
431 4470 571 4538 depictum
587 4484 616 4524 οε
629 4474 714 4535 possis
730 4473 821 4535 legere
835 4473 898 4521 τῶδε
912 4486 917 4520 :
933 4473 996 4538 τῷδε
1012 4470 1040 4518 Μ
1105 4470 1136 4519 29
1152 4474 1194 4522 καὶ
1209 4482 1273 4523 ante

153 4547 315 4597 ἀπδοιη.Μ
382 4546 583 4597 manaim
604 4544 770 4599 Μυί.74,3
836 4542 1273 4607 34ἀπδγάρ-74,3μολυσμ“ος

153 4630 207 4666 om.
232 4618 257 4666 Μ
1192 4643 1196 4652 α
