3150 5504
345 467 399 517 ΕΙΣ
421 468 482 517 ΤΟΝ
504 467 680 518 ΠΛΑΤΩΝΟΣ
703 466 846 518 ΦΑΙΔΡΟΝ
870 467 994 518 ΣΧΟΛΙΔ
1201 477 1230 529 71

21 629 73 693 [96]
108 621 157 678 οῦκ
177 620 273 694 ἀπᾴδει
293 629 343 693 τῆς
368 628 543 700 Σωκρατικῆς
564 616 720 685 εὐλαὸείας.
744 621 853 686 Τοῦτοις
875 621 922 680 οῦν
944 624 1039 680 ἑαυτοῦ
1060 622 1232 703 παραθάλλει

104 722 156 792 τὴν
172 722 303 796 μαντικὴν
319 721 333 776 ὁ
350 720 497 798 Σωκράτης
509 720 546 784 ὡς
563 720 630 799 πρὸς
646 723 695 791 τὴν
712 720 790 777 θείαν
805 721 850 776 καὶ
871 719 1014 795 δαιμονίαν
1032 727 1176 798 μαντικήν.
1193 758 1232 768 -

105 820 139 876 Τὸ
158 817 186 877 δέ
206 819 366 893 μαντικόν
387 819 422 896 γί
442 840 471 874 τι
489 820 543 874 καί
563 823 581 889 ί,
602 821 689 899 ψυχή
711 819 817 883 οἰκείως
833 820 892 876 είπε
907 823 951 877 καὶ
970 821 1087 892 άληθῶς·
1108 819 1167 903 ἔχει
1183 824 1232 898 μὲν

106 918 157 996 γάρ
169 940 194 973 τι
210 919 352 992 μαντικὸν,
371 916 441 973 άλλέ
458 918 554 995 μικρόν
568 938 596 974 τε
611 919 655 973 καί
668 917 892 992 άπεστενωμένον
906 920 952 975 καί
968 919 1100 1000 ἀμαυράν·
1118 924 1166 978 άτε
1181 922 1231 1002 γάρ

44 1026 59 1073 5
107 1015 204 1093 λογικὴ
226 1014 292 1072 οὖσα
313 1014 388 1095 ράσις
410 1015 573 1095 στοχάζεται
594 1013 729 1080 πολλάκις
750 1010 897 1086 ἐττηάόλως
917 1020 976 1096 περί
997 1024 1051 1073 τῶν
1072 1017 1232 1094 μελλόντων

105 1113 151 1168 καί
167 1112 235 1182 αὑτὴ
247 1112 291 1196 ἄρ’
302 1113 399 1184 ἑαυτῆς
413 1114 571 1187 κινουμένη,
583 1114 629 1169 καί
641 1111 675 1169 δι’
686 1113 801 1191 ὀρνίθων
812 1113 829 1184 ί,
844 1111 939 1171 άλλων
952 1122 1033 1171 τινῶν
1045 1123 1232 1198 στοχαστικῶν

105 1207 265 1289 συμθδλων·
281 1209 322 1267 διὸ
338 1212 445 1274 οἰκείως
461 1210 503 1267 ἐπὶ
517 1219 568 1282 τῆς
584 1215 674 1292 ψυχῆς
688 1212 718 1267 τὸ
733 1212 763 1267 τί
780 1211 946 1291 προσέθηκεν
963 1214 999 1278 ῶς
1010 1215 1078 1294 πρὸς
1094 1218 1144 1287 τὴν
1156 1217 1233 1274 θείαν

107 1311 251 1384 μαντικήν.
273 1309 365 1364 -Τὸ
384 1306 413 1364 δὲ
435 1306 676 1384 ἐδυσωπούμην
695 1305 903 1368 κατ’Ἵδυκσν
922 1313 1046 1369 τοιοῦτόν
1065 1313 1146 1369 ἐστιν·
1170 1340 1184 1368 ι(
1201 1315 1232 1370 οὐ

107 1406 244 1485 βούλομαι
262 1413 443 1486 προσκροῦσαι
460 1413 517 1471 τοῖς
536 1413 612 1472 θεοῖς
630 1409 675 1464 καί
695 1410 825 1487 ἁμαρτεῖν
844 1430 898 1488 παρ

42 1515 73 1564 10
105 1511 163 1568 τοῖς
189 1503 339 1582 ἀνθρώποις
362 1506 446 1579 τιμὴν
469 1505 514 1561 καί
542 1503 728 1580 εὐδοκίμησιν.
751 1504 1010 1582 Ἐδυσωποῦμην
1035 1507 1081 1566 οῦν
1106 1509 1162 1565 άντῖ
1185 1515 1232 1565 τοῦ

104 1598 296 1677 ηῦλαδοάμην.

2 1765 93 1814 1⁸37v·
148 1747 197 1817 EK'.
223 1750 336 1806 Δεινδν
358 1749 380 1804 ὦ
403 1750 541 1829 Φαῖδρε]
565 1751 623 1809 242
646 1751 685 1810 D.

144 1891 209 1973 Τρία
229 1893 342 1972 ἐγκαλεῖ
360 1899 400 1968 τῷ
419 1892 495 1974 λόγῳ
515 1900 555 1969 τῷ
573 1900 622 1951 τοῦ
637 1894 747 1973 Λυσίου,
764 1896 809 1952 καί
824 1896 885 1954 κατ’
903 1896 1032 1969 ἀλήθειαν
1046 1900 1079 1954 τά
1095 1900 1166 1980 τρία·
1185 1907 1233 1959 τοῦ

104 1993 157 2072 γάρ
170 1992 308 2073 χειρίστσυ
323 1991 424 2071 ἔρωτος
438 1994 472 2064 ἦν
488 1993 601 2072 ἐραστὴς
615 1995 658 2051 καί
673 1996 770 2053 τοῦτου
785 1995 839 2075 ἤρα
851 1984 896 2053 καί
911 1996 1057 2078 ἐφήπτετο·
1078 2005 1118 2073 τῷ
1138 1997 1167 2057 δέ
1184 2006 1233 2059 τοῦ
1285 2071 1290 2075 ⁵

40 2102 71 2153 15
106 2090 304 2168 Σωκράτους...
323 2091 360 2155 ὡς
372 2092 439 2169 πρὸς
458 2091 595 2170 σίγκρισιν
609 2097 661 2148 τοῦ
675 2090 786 2149 τελείου
804 2094 849 2148 καί
869 2093 906 2156 ῶς
922 2098 990 2151 θεοῦ
1010 2091 1123 2173 ἔρωτος,
1141 2095 1230 2168 ἐπειδὴ

104 2189 163 2268 περὶ
177 2193 226 2244 τοῦ
239 2189 322 2263 μέσου
338 2188 371 2256 ἦν
386 2187 487 2269 ἔρωτος
504 2188 618 2268 ὀλίγος
635 2191 795 2269 Σωκράτους
809 2197 858 2249 τοῦ
878 2191 904 2247 ἐν
925 2191 1087 2268 ἐπιστήμαις
1107 2197 1152 2251 καὶ
1171 2196 1231 2276 άρε-

103 2292 164 2350 ταῖς
182 2285 320 2366 ὁρωμίνου
339 2287 384 2342 καί
400 2292 434 2362 τῇ
450 2287 569 2367 σῶρρονι
584 2296 634 2359 τῆς
650 2292 742 2369 ψυχῆς
759 2292 816 2365 ζωῇ
832 2291 876 2346 καί
891 2290 954 2370 οὐχὶ
967 2295 1001 2367 τῇ
1015 2291 1230 2369 ἐνθουσιαστικῇ.

104 2385 150 2441 Διδ
169 2385 214 2441 καί
233 2382 271 2448 δίς
290 2384 350 2441 είπε
369 2384 399 2440 τὸ
418 2383 529 2442 δεινὸν
545 2385 567 2441 ὦ
583 2384 708 2464 Φαῖδρε
728 2385 850 2443 δεινόν·
872 2386 960 2454 δεινὸς
981 2388 1030 2464 μὶν
1050 2390 1101 2470 γάρ
1119 2396 1157 2469 τῷ
1173 2388 1230 2449 ’όντι

103 2485 183 2541 θτοῦ
199 2483 299 2539 Λυσίου
316 2482 396 2561 λόγος
417 2484 530 2564 αἰσχρὸς
550 2484 588 2540 ῶν
607 2487 652 2541 καί
672 2480 801 2563 ὑθριστής
821 2482 898 2565 ἔρως,
921 2485 1006 2552 δεινὸς
1026 2487 1055 2545 δὲ
1073 2489 1150 2545 καὶὸ
1171 2496 1229 2546 Σω-

39 2595 72 2645 20
103 2581 218 2660 κράτους
237 2582 275 2646 ῶς
293 2582 361 2661 πρὸς
380 2583 427 2638 τὸν
444 2582 659 2639 ἐνθουσιαστικὸν
673 2584 718 2640 καί
730 2584 874 2662 άναγωγὸν
889 2580 987 2663 ἔρωτα.
1003 2587 1040 2642 Τά
1051 2587 1101 2665 γάρ
1116 2585 1230 2644 καταδε-

103 2682 196 2760 άστερα
210 2683 253 2737 καί
271 2680 399 2761 ιἰρειμίνα
419 2682 456 2745 ὡς
475 2683 540 2760 πρὸς
558 2682 591 2738 τά
611 2681 765 2759 τελειότερα
783 2685 829 2739 καὶ
850 2685 979 2763 ὑπέρτερα
999 2682 1231 2764 παραθαλλάμενα

103 2778 206 2850 εὐήθη
227 2779 271 2834 καί
292 2777 366 2835 δεινά
388 2778 505 2836 ἐστικαὶ
525 2779 584 2835 ὑπό
604 2775 753 2851 τιάσεάῆ
775 2780 839 2861 [οὐχ
860 2779 955 2844 ἁπλῶς
979 2776 1107 2865 άσεάῆί
1130 2779 1227 2854 ’Δσεάῆ

105 2876 153 2950 μὲν
177 2875 225 2932 οῦν
250 2874 325 2954 λίγει
347 2873 437 2947 ἐπειδὴ
463 2875 537 2940 ὅλοις
563 2876 673 2954 ἐψὲγετο
696 2878 770 2940 ὅπως
793 2879 859 2934 ποτὲ
880 2880 910 2934 τὸ
932 2884 979 2934 τοῦ
1004 2868 1106 2957 ἔρωτος
1129 2878 1227 2955 ὄνομα·

104 2969 225 3045 εῦλαὸἠς
243 2975 294 3052 γάρ
313 2976 347 3044 ἦν
366 2973 477 3053 σφόδρα,
502 2976 539 3039 ῶς
558 2973 678 3054 εἷ’ρηται,
696 2976 810 3055 περὶτὰ
828 2982 883 3031 τῶν
903 2982 977 3034 θεῶν
997 2977 1119 3053 ἐνδματα
1139 2981 1153 3036 θ
1170 2987 1228 3035 Σω-

37 3086 69 3135 25
102 3071 214 3150 κράτης·
234 3072 294 3127 ὑπό
312 3092 343 3127 τι
363 3070 392 3128 δε
409 3074 454 3128 καί
471 3073 524 3153 οὐχ
540 3062 630 3136 ἁπλῶς
649 3069 766 3144 άσεάῆ,
789 3073 882 3145 ἐπειδὴ
905 3075 935 3130 οῦ
952 3082 1003 3140 πάις
1019 3071 1087 3156 ἔρως
1104 3075 1227 3155 ἐψέγετο,

102 3167 172 3226 ἄλλά
192 3190 232 3231 τις
254 3170 300 3225 καί
323 3171 446 3249 μερικὸς,
472 3173 486 3226 ὁ
508 3170 557 3251 γάρ
579 3166 707 3251 ὑθριστής
729 3174 774 3227 καί
796 3171 949 3237 ἀκόλαστος
971 3171 1051 3253 ἔρως.
1075 3180 1160 3254 Τριῶν
1183 3174 1229 3231 οῦν

101 3265 185 3323 ὄντων
207 3269 385 3348 πραγμάτων,
410 3274 464 3325 τῶν
484 3291 513 3326 τε
536 3270 600 3349 ὑπὲρ
622 3274 694 3343 ἡμᾶς
718 3270 817 3327 οὐσιῶν
837 3273 882 3326 καί
903 3276 957 3327 τῶν
981 3274 1156 3352 ὁμοστοίχων
1179 3275 1228 3349 μὲν

100 3368 180 3440 ἡμῖν,
202 3372 311 3441 σεμνῶν
330 3365 359 3423 δέ
378 3365 528 3423 δοκούντων
548 3369 617 3424 εἶναι
638 3366 725 3447 (λέγω
740 3366 768 3424 δὲ
783 3374 836 3424 τῶν
851 3367 1008 3425 σπουδαίων
1023 3369 1154 3452 ἀνδρῶν),
1176 3378 1229 3429 τῶν

101 3462 130 3520 δέ
148 3462 362 3544 καταδεεστέρων
381 3468 463 3540 ἡμῶν
483 3465 582 3522 οὐσιῶν
597 3466 615 3536 ἢ
632 3467 813 3539 ὡντινωνοῦν,
829 3468 860 3523 τὸ
875 3467 924 3541 μἐν
939 3468 1006 3547 πρὸς
1021 3468 1055 3524 τά
1072 3469 1138 3548 ὑπὲρ
1152 3473 1227 3545 ἡμᾶς

9 3588 34 3638 p,
47 3573 79 3624 97
101 3563 252 3642 ἁμάρτημα
270 3559 364 3626 άσεάές
385 3563 506 3639 ἐκάλεσε,
530 3565 561 3619 τὸ
582 3561 610 3619 δὲ
629 3565 698 3642 πρὸς
722 3564 786 3627 τοῦς
810 3564 814 3642 Ι
838 3562 1000 3630 σπουδαίους
1021 3563 1116 3645 άνδρας
1131 3573 1169 3645 τῷ
1188 3571 1225 3643 μή

101 3660 268 3718 ὑπεστάλθαι
286 3663 331 3717 καί
350 3662 523 3740 αίσγῦνεσθαι
543 3661 640 3726 αὐτοῦς
659 3660 776 3733 ἀναιδὲς,
798 3662 828 3718 τὸ
848 3660 877 3718 δέ
895 3663 962 3741 πρὸς
984 3665 1017 3720 τά
1035 3663 1227 3746 καταδεέστερα

129 3940 145 3991 8
160 3941 188 3992 τὸ
206 3940 233 3992 δὲ
245 3966 277 3978 -
291 3941 319 3990 11
338 3938 500 4007 ηὑλαῧοίμην
519 3942 575 4005 jam
594 3942 717 3994 ediderat
732 3941 877 3994 Βυειιιεειι
894 3942 928 3992 ad
947 3941 1017 3992 Tim.
1038 3957 1065 4007 p.
1084 3943 1115 3993 66
1129 3956 1164 3994 ex
1181 3943 1202 3993 Ρ
1219 3959 1225 3994 :

98 4013 134 4063 et.
153 4012 280 4063 Νυκειεε.
300 4011 334 4062 ad
354 4011 464 4079 Phryn.
485 4028 511 4078 p.
531 4015 560 4064 81
624 4015 656 4065 10
672 4011 856 4079 ίθυσωποῦμην
870 4041 901 4051 -
916 4009 1079 4079 ηὖλαθοιίμην
1094 4031 1124 4061 .-.·
1139 4016 1224 4065 schol.

97 4083 177 4134 2420
193 4087 228 4147 lp.
244 4083 291 4133 268
307 4084 413 4146 Herm.)
478 4086 509 4136 24
526 4088 621 4153 εἴρηται
636 4086 676 4148 70,
691 4087 707 4136 6

39 4316 42 4322 ,
129 4262 256 4328 Νὒθτι]
278 4285 317 4316 τοι
337 4266 396 4316 ΑἘ
459 4266 618 4332 άτιΙτοιΜ
683 4268 973 4326 5ιπιισ1ωςΜσε.6,
990 4268 1067 4319 15-16
1130 4269 1161 4319 10
1181 4268 1225 4321 οὖν

97 4348 151 4384 om.
173 4336 261 4386 schol.
325 4336 356 4387 12
371 4339 462 4399 δεινὸν,
483 4341 518 4389 δα
538 4339 611 4388 rubr.
630 4343 654 4388 Α
718 4338 748 4389 15
766 4344 826 4402 post
845 4339 997 4407 Σωκράτους
1015 4339 1093 4391 deest
1108 4341 1224 4392 verbum

97 4405 283 4469 exprobrandi
347 4412 381 4467 ὡς
401 4407 473 4475 πρὸς]
494 4407 579 4475 ῶσπερ
606 4411 632 4459 Μ
698 4410 729 4460 17
750 4410 890 4476 δρωμένου]
912 4414 1039 4476 ἐρωμένου
1059 4416 1096 4462 A·
1159 4411 1224 4463 1θό

96 4480 141 4528 τοῦ
161 4490 215 4527 om.
236 4478 265 4526 M
329 4478 360 4528 22
383 4480 433 4545 οὐχ
452 4507 482 4516 -
502 4483 581 4544 ιἰσεθή
603 4481 704 4531 seclusi
724 4492 754 4531 οι
775 4493 790 4529 e
814 4482 994 4544 sequentibus
1015 4483 1161 4546 repetitum

98 4548 128 4597 23
146 4546 190 4600 οὗν
208 4561 263 4598 om.
287 4550 315 4599 M
381 4549 456 4616 λέγει]
476 4554 541 4617 λέγω
562 4553 590 4602 Μ
655 4554 683 4603 τὸ
697 4565 752 4602 om.
769 4552 796 4601 M
862 4553 892 4602 27
911 4553 988 4604 άντων
1002 4563 1052 4604 τῶν
1070 4555 1224 4621 πραγμάτων

101 4619 129 4688 Μ
194 4623 260 4692 ἡμᾶς
273 4633 307 4671 ex
322 4624 393 4685 ἡμῶν
408 4627 437 4686 ut
454 4621 854 4689 νίδοῑιιεΑεήμῶνΜοί.29
918 4624 1174 4691 θθάμαρτίγματαΜ
