3120 5506
291 475 338 528 190
672 468 814 521 ΕΡΜΕΙΟΥ
834 466 1032 519 ΦΙΛΟΣΟΦΟΥ

196 627 277 693 mes
294 620 449 688 ἀπίπτωσις
464 626 513 680 τοῦ
531 620 631 704 ἔρωτος
648 621 719 697 δήλη
737 623 778 681 δτι
795 621 929 701 ίτοιμυί
947 624 998 683 είσι
1013 623 1061 681 καὶ
1082 622 1089 703 Ι
1110 622 1223 689 έαυτοῦς
1243 623 1289 681 καί
1304 622 1338 681 τὰ
1351 645 1412 681 παι-

292 718 362 798 δικὰ,
380 720 425 778 ίάν
444 719 586 780 ἀδικῶνται
601 722 652 780 ὑπὸ
665 728 720 780 τῶν
735 720 878 796 παιδικῶν,
895 722 1084 805 ἀποσράττειν·
1102 725 1121 794 ή
1136 719 1166 780 δὲ
1178 721 1284 803 ,θεωρία
1297 723 1329 779 τδ
1347 721 1412 795 οίη-

292 821 393 877 θῦσιν
411 817 600 878 ἀδικεῖσθαι
615 826 697 879 τοῦτο
710 819 784 901 λέγει
800 822 832 878 τὸ
851 818 890 879 ἔτι
905 822 1064 903 κατέχεσθαι
1081 821 1130 892 τήν
1146 822 1240 902 ψυχήν
1254 819 1282 879 έν
1296 825 1331 898 τῇ
1347 820 1411 898 ῦλη·

292 916 323 974 ἐκ
337 916 366 975 δὲ
383 923 432 975 τοῦ
450 922 665 1000 καθιερεῦσαι
684 918 770 992 δῆλον
785 919 826 979 δτι
841 920 1083 1001 θεωρητικώτερὸν
1095 942 1136 985 τις
1150 919 1218 977 αιἰτά
1231 920 1341 1001 δρείλει
1355 917 1412 992 έίη-

245 1022 260 1072 5
292 1019 436 1096 γήσασθαι·
452 1019 483 1075 τὸ
498 1020 549 1100 γὰρ
562 1022 774 1100 καθιερεῦσαι
788 1019 832 1077 ἐπὶ
847 1020 928 1085 θείας
940 1020 1013 1084 τινὸς
1029 1017 1167 1100 ἁγιστείας
1184 1018 1303 1100 λέγεται.

333 1173 391 1247 μα’.
415 1171 473 1228 Καὶ
494 1171 580 1229 οὕτω
600 1170 675 1230 καθ’
695 1169 834 1231 έκαστον
855 1169 949 1254 θεόν]
973 1173 1030 1232 252
1054 1171 1094 1233 Ι).

332 1311 385 1368 Δύο
397 1311 488 1393 ὥσπερ
501 1311 709 1393 <ἀνωτέρω>
721 1311 803 1371 εἰπὼν
817 1312 913 1395 ἀρχάς,
927 1313 979 1383 τήν
991 1317 1039 1370 τοῦ
1054 1313 1115 1377 Διὸς
1129 1313 1175 1370 καὶ
1189 1314 1240 1384 τήν
1250 1317 1300 1371 τοῦ
1311 1311 1414 1393 Ἄρεος,

290 1408 342 1478 τήν
362 1410 411 1485 μέν
431 1410 572 1491 σταθερὰν,
592 1409 688 1483 τήνδε
705 1414 857 1485 κινητικὴν,
876 1410 937 1468 καθ’
953 1411 1105 1488 ὁμοιότητα
1122 1410 1168 1469 καί
1188 1409 1305 1467 ἐπὶτῶν
1324 1408 1416 1468 ἄλλων

292 1512 367 1565 θεῶν
386 1504 528 1584 λαμῦάνει.
548 1510 622 1582 Δίίτη
641 1510 692 1590 γάρ
711 1509 783 1568 ἐστιν
797 1508 955 1585 εὐδαιμονία
968 1513 1071 1592 ψυχῆς,
1085 1510 1116 1568 τὸ
1132 1507 1259 1566 δῦνασθαι
1275 1511 1416 1584 μιμεῖσθαι

229 1602 262 1657 10
292 1606 339 1663 τὸν
354 1607 456 1665 υίκεῖον
470 1608 547 1681 θεὸν,
564 1608 614 1682 δὀη
631 1606 742 1684 δῦναμις
762 1609 878 1683 έκάστιμ,
897 1606 959 1674 έως
977 1605 1014 1665 ἀν
1037 1610 1074 1684 ζῇ
1092 1607 1140 1665 τὸν
1160 1606 1273 1665 ἐνταῦθα
1295 1608 1357 1686 βίον
1377 1608 1415 1684 μή

294 1701 496 1787 διεφθαρμένος.
517 1743 557 1753 -
574 1707 610 1764 Τὸ
629 1705 658 1765 δὲ
676 1705 879 1788 ἀδιάφθορος
897 1707 981 1779 εἶπεν,
996 1706 1041 1764 ίνα
1062 1708 1100 1783 μή
1119 1706 1275 1764 ἐπίπτωσιν
1294 1703 1349 1788 ἔχη
1368 1712 1416 1762 τοῦ

292 1803 398 1863 τοιοῦδε
416 1800 529 1886 ἔρωτος.
548 1840 587 1851 -
606 1805 743 1886 Πρώτην
763 1804 792 1863 δὲ
810 1805 951 1886 γένεσιν,
972 1806 1011 1871 ὡς
1031 1803 1085 1879 ήδη
1106 1805 1166 1864 είπε
1185 1806 1248 1886 περὶ
1269 1809 1323 1863 τῶν
1343 1802 1418 1862 ἐννέα

295 1902 377 1982 βίων,
392 1905 443 1976 τήν
456 1903 510 1962 ἀπὸ
523 1909 573 1963 τοῦ
588 1909 698 1978 νοητοῦ.
723 1927 728 1940 ·

335 2053 394 2135 μῦ’.
418 2059 479 2117 Τόν
498 2082 533 2119 τε
556 2056 614 2118 οῦν
634 2056 750 2141 ἔρωτα]
773 2060 833 2121 252
853 2059 893 2121 D.

230 2205 262 2255 15
335 2199 441 2273 Ἐπειδὴ
457 2200 548 2282 ὥσπερ
562 2200 675 2259 ἐνταῦθα
687 2201 718 2259 τὸ
733 2199 844 2281 ἄγαλμα
854 2205 981 2278 τιμῶμεν
994 2201 1027 2259 οῦ
1042 2198 1086 2259 διὰ
1099 2199 1130 2259 εδ
1145 2201 1336 2277 ὑποκείμενον,
1350 2199 1418 2258 ἀλλά

294 2296 338 2357 διὰ
351 2298 399 2358 τάν
413 2301 491 2378 θεὸν,
506 2301 553 2357 τὸν
569 2299 765 2382 αὐτὸντρόπον
780 2301 825 2358 καὶ
841 2299 955 2358 ἐνταῦθα
969 2303 1028 2358 οἷον
1043 2298 1174 2380 ἄγαλμα
1188 2300 1273 2379 ίαυτῷ
1286 2301 1336 2358 τὸν
1351 2299 1418 2380 έρώ-

296 2421 377 2476 μενον
394 2406 481 2458 ποιεῖ·
505 2398 613 2478 βλέπων
629 2399 680 2481 γὰρ
699 2399 739 2465 είς
757 2399 837 2458 αὐτὸν
854 2400 899 2456 καὶ
917 2398 1199 2477 ἀναμιμνῃσκόμενος
1214 2405 1264 2456 τοῦ
1282 2397 1417 2472 κάλλους,

293 2496 416 2556 τουτέστι
427 2503 464 2576 τῇ
477 2496 582 2572 διανοίη
597 2496 716 2577 βλέπων,
732 2498 779 2555 καί
793 2499 962 2574 ἀναπέμπων
975 2504 1057 2556 τοῦτο
1068 2497 1099 2555 τὸ
1112 2495 1218 2562 κάλλος
1233 2498 1272 2562 είς
1287 2499 1321 2554 τά
1335 2497 1419 2570 νοητὰ

294 2593 364 2671 σίδη,
379 2598 425 2654 καὶ
442 2602 545 2676 γεννῶν
558 2599 717 2677 γεννήματα
728 2603 804 2671 θεῖα,
820 2598 866 2655 καὶ
876 2594 1012 2655 παιδεύων
1026 2597 1059 2654 τά
1071 2594 1194 2671 παιδικὰ,
1211 2597 1327 2676 γόνιμος
1341 2597 1420 2675 γίνε-

231 2695 264 2748 20
294 2715 338 2751 ται
350 2696 396 2752 καὶ
409 2701 489 2775 γεννᾷ
502 2695 596 2776 ἀρετάς
608 2695 656 2753 καί
667 2694 755 2753 πάνεα
767 2694 818 2753 δσα
831 2693 859 2753 έν
872 2701 931 2762 τοῖς
951 2691 1014 2768 έξῆς
1033 2695 1117 2776 λέγει,
1135 2694 1305 2774 βουλόμενος
1326 2693 1420 2761 ἀνάξαι

297 2794 335 2858 είς
350 2793 397 2853 τὸν
411 2795 510 2853 οίκεῖον
524 2794 590 2852 θεὸν
604 2794 638 2852 τά
651 2791 774 2857 παιδικά.

337 2953 397 3032 μμ
420 2954 456 3008 οι
478 2952 537 3028 μιν
558 2949 613 3009 ιιι
633 2948 670 3022 ιη
687 2906 775 3032 me]
798 2950 856 3010 252
878 2948 915 3011 ε.

336 3093 382 3152 Ἐκ
394 3101 444 3153 τοῦ
459 3096 521 3161 Διὸς
535 3096 582 3153 τάν
601 3093 783 3178 ριλάσορον
800 3096 856 3154 καί
874 3094 1081 3176 ήγεμονικδν
1097 3096 1160 3168 τήν
1177 3094 1273 3178 ρῦσιν
1290 3094 1420 3174 βούλεται

297 3193 377 3267 εἶναι,
395 3192 438 3251 διὰ
455 3200 504 3252 τοῦ
522 3196 691 3274 ἡγεμονικοῦ
706 3195 737 3252 τὸ
760 3195 893 3278 ὑπερέχον
908 3192 997 3268 δηλῶν
1011 3201 1059 3252 τοῦ
1075 3190 1207 3252 δεσπότου
1221 3194 1297 3259 Διός.
1312 3194 1423 3252 Ἔοικεν

147 3324 151 3331 -
232 3295 263 3346 25
297 3291 344 3351 οῦν
358 3291 560 3372 ήγεμονικδν
573 3293 620 3350 τάν
634 3291 746 3375 ἀρχικὸν
760 3292 850 3373 λέγειν
864 3294 911 3351 τδν
923 3294 1035 3351 κατὰτὸ
1050 3289 1229 3374 ἐξῃρημένον,
1244 3290 1423 3371 βασιλικὸν

296 3390 325 3449 δὲ
338 3390 384 3450 τάν
394 3392 463 3450 κατὰ
476 3392 507 3450 τὸ
521 3395 741 3473 συντεταγμένον·
760 3395 774 3450 ὁ
790 3394 841 3474 γάρ
858 3393 1000 3472 βασιλικὸς
1016 3392 1049 3451 τά
1065 3394 1149 3473 μέτρα
1164 3390 1273 3474 δέχεται
1285 3393 1361 3474 παρὰ
1375 3398 1425 3451 τοῦ

296 3490 457 3572 ιριλοσίρου.
471 3526 512 3537 -
527 3497 602 3551 Δῖον
616 3490 655 3566 δέ,
670 3475 791 3550 τουτέστι
804 3488 884 3554 δίιον.

338 3645 396 3724 μδ’.
421 3645 491 3705 Ἐὰν
511 3645 567 3705 οῦν
589 3649 632 3725 μή
654 3643 825 3729 πρότερον]
848 3647 906 3707 252
929 3645 967 3706 Ε.

336 3801 477 3861 Τουτέστιν
490 3802 537 3860 έάν
552 3804 637 3879 μήπω
653 3803 766 3879 μνήμην
784 3797 895 3885 ἔχοντες
913 3805 968 3859 τῶν
987 3799 1056 3874 έκεῖ,
1074 3797 1144 3875 μηδὲ
1159 3795 1258 3863 είδίτες
1273 3797 1359 3857 πόθεν
1373 3819 1427 3881 χα-

328 4032 343 4084 7
359 4033 477 4102 ἀνωτέρω
490 4032 527 4084 ct.
540 4031 595 4094 189,
609 4032 641 4084 10
695 4032 734 4084 ·12
750 4029 797 4097 ἤδη
811 4030 895 4083 2481)
909 4030 945 4083 ot.
959 4031 1056 4082 Herm.
1071 4030 1107 4083 ad
1120 4031 1174 4083 loc.

328 4157 391 4210 ΤίΤ
406 4159 437 4211 15
452 4159 480 4211 τδ
496 4159 598 4227 ἄγαλμα
608 4157 767 4223 τιμᾶται-διδ
779 4159 822 4210 τδν
837 4160 892 4210 θεόν
906 4157 927 4208 C

329 4276 411 4331 Nc1
433 4278 507 4344 δήλη]
526 4278 620 4344 δηλοῖ]
683 4278 699 4327 4
719 4276 889 4347 καθιερεῦσαι]
913 4281 1023 4346 ίερεῦσαι
1043 4277 1097 4328 ΜΕ
1119 4291 1126 4330 :
1149 4271 1302 4345 καθιερεύειν
1324 4278 1364 4326 A⁸

297 4349 464 4417 5ἀγιστιίας]
482 4353 568 4416 ἀγνίας
588 4353 626 4401 Α·
688 4350 776 4413 θκαί,
795 4369 811 4402 ιι
828 4350 903 4401 rubr.
921 4353 946 4399 Α
1009 4348 1159 4418 7ἀνωτίρω
1175 4347 1269 4399 addidi
1335 4346 1369 4401 10
1386 4347 1428 4423 ζῇ]

296 4415 402 4496 {Plan
465 4423 496 4473 13
511 4421 556 4486 τὴν
575 4422 672 4486 seripsi
689 4437 696 4473 :
714 4430 764 4473 τῶν
781 4422 844 4472 libri
907 4420 937 4472 1⁴
953 4424 1006 4483 τόν,
1023 4441 1037 4472 τ
1056 4421 1130 4472 rubr.
1148 4423 1173 4469 Α
1236 4419 1266 4469 17
1283 4420 1320 4479 είς
1338 4419 1431 4486 αὐτὸν]

297 4495 359 4560 πρὸς
376 4493 437 4545 αῦτδ
452 4494 481 4544 Μ
546 4493 577 4544 19
592 4491 696 4561 γεννῶν]
712 4497 805 4560 γηίνων
821 4492 875 4544 ΜΕ
897 4493 986 4559 (γενῶν
1001 4493 1046 4557 Αί)
1108 4491 1141 4543 22
1158 4496 1191 4553 οί,
1209 4510 1223 4542 ο
1242 4489 1320 4542 rubr.
1337 4494 1363 4542 Α

297 4564 329 4615 23
349 4568 377 4617 ἀκ
394 4567 439 4617 τοῦ
461 4565 521 4624 Διδς
543 4577 599 4616 om.
618 4564 649 4615 M
712 4564 744 4615 26
764 4567 943 4631 ἀντεταγμίνον
969 4564 998 4614 Μ
1024 4563 1090 4627 (iam
1114 4567 1271 4615 correxerat
1289 4565 1363 4626 Αετ]

298 4635 329 4689 27
346 4634 417 4703 Δῖον]
429 4637 460 4689 δι’
475 4636 503 4688 δν
519 4636 587 4689 plat.
600 4635 776 4690 οοιί.Βδιι”ον
791 4635 889 4689 ood.T
952 4634 1201 4699 mmmm-A
1264 4632 1431 4700 ξθμήδδΑ
