3150 5504
310 477 356 527 100
545 441 551 461 '
692 467 833 518 εωωιοι·
854 464 1050 518 ψιιοεοψον

208 624 274 691 1112]
308 620 410 685 ἄλλους
426 621 635 696 ἐνθουσιασμοὺς
651 623 724 702 παρὰ
736 622 848 687 τούτους
864 621 928 686 τούς
945 621 1082 701 τέσσαρας·
1099 621 1159 678 εἶπε
1179 622 1231 699 γάρ
1250 617 1283 701 ἐχ
1287 643 1325 677 ειν
1344 622 1430 678 εἰπεῖν

305 720 350 776 καί
369 717 442 777 ἀλλα
461 719 568 777 πλείω
589 719 683 795 μανίας
704 718 766 791 είδη
787 720 918 798 γινόμενα
937 719 989 775 ἀπὸ
1010 725 1095 778 θεῶν.
1116 721 1150 775 Τὸ
1169 717 1197 775 δέ
1217 717 1268 775 ἐπ’
1283 717 1431 799 ὠφελείᾳ

305 823 352 875 τοῦ
367 840 398 875 τε
415 818 532 897 ἐρῶντος
549 819 594 874 καὶ
612 824 660 875 τοῦ
680 817 817 897 ἐρωμένου
837 818 959 895 γίνεσθαι
978 819 1028 887 τὴν
1048 816 1141 897 φιλίαν
1161 818 1261 874 οἰκεῖον
1284 825 1333 888 τῆς
1351 817 1429 881 Ξείας

306 915 450 998 ἐρωτικῆς.
469 916 496 972 '0
512 917 561 991 μέν
581 918 631 996 γὰρ
650 917 751 981 Λυσίας
772 914 929 979 ἀκολάστως
949 916 1019 994 ἐρῶν
1039 917 1124 990 ἐαυτῷ
1145 916 1194 991 μὲν
1213 914 1344 972 δοκοῦσαν
1359 914 1429 1006 ώφέ-

259 1020 274 1068 5
307 1016 383 1074 λειαν
406 1021 549 1095 περιποιεῖ,
570 1022 609 1090 τῳ
632 1013 660 1072 δέ
684 1014 813 1094 ἐρωμένῳ
836 1014 969 1093 μεγίστην
993 1010 1110 1092 βλάόην·
1136 1012 1200 1071 όδέ
1224 1015 1341 1095 σώφρων
1361 1010 1430 1094 έρως

307 1114 387 1171 αύτδν
401 1116 449 1170 τὸν
464 1112 564 1195 ἔχοντα
579 1113 690 1194 ὠφελεῖ·
707 1116 721 1169 ό
736 1112 765 1170 δὲ
778 1111 871 1178 ἔνθους
887 1112 1000 1193 ἐραστὴς
1015 1115 1110 1183 κοινὴν
1126 1114 1177 1182 τὴν
1192 1111 1329 1193 ὠφέλειαν
1346 1115 1432 1187 έαυτῖμ

305 1234 336 1269 τε
350 1214 395 1268 καί
410 1219 448 1290 τῷ
468 1211 598 1291 ἐρωμένῳ
613 1218 760 1290 περιποιεῖ·
779 1212 817 1275 είς
831 1211 926 1267 ἑαυτὸν
939 1212 990 1289 γάρ
1005 1210 1154 1290 ἐπιστρέφει
1169 1211 1215 1266 τὸν
1233 1209 1371 1289 ἐρώμενον
1386 1212 1432 1266 καί

306 1313 364 1386 ἅμα
384 1311 435 1380 τὴν
455 1317 504 1367 τοῦ
527 1315 628 1382 νοητοῦ
652 1307 771 1374 κάλλους
795 1310 915 1388 θεωρίαν
933 1314 1086 1370 ποιοῦνται.
1112 1310 1287 1382 Σημειωτέον
1312 1306 1340 1365 δέ
1359 1310 1432 1388 παρὰ

307 1406 433 1464 Πλάτωνι
447 1408 476 1465 τὸ
491 1416 542 1479 τῆς
560 1407 716 1487 εότοχίας
732 1405 818 1483 ὄνομα
832 1408 874 1464 ότι
890 1405 923 1478 δὴ
940 1407 989 1464 οὐκ
1008 1407 1050 1464 έπί
1069 1413 1124 1463 τῶν
1144 1406 1218 1470 ἐκτὸς
1237 1405 1301 1462 ἀλλ’
1319 1406 1432 1463 ἐπὶτῶν

244 1509 275 1558 10
306 1509 430 1586 ψυχικῶν
450 1507 559 1584 ἀγαθῶν
581 1508 631 1577 τὴν
654 1505 786 1584 μεγίστην
809 1506 935 1586 εὐτυχίαν
953 1507 1053 1566 τάττει.
1074 1540 1113 1549 -
1135 1506 1207 1562 Πάνυ
1224 1503 1252 1562 δέ
1266 1510 1433 1581 θαυμαστῶς

202 1621 228 1671 p.
242 1607 288 1657 113
308 1603 486 1685 είρηταεπερὶ
499 1613 550 1676 τῆς
563 1603 633 1675 ὅλης
649 1600 814 1671 ἀποδείξεως
824 1612 875 1675 τῆς
887 1602 1056 1678 παλινῳδίας
1068 1606 1098 1660 τό
1115 1601 1239 1668 δεινοῖς
1255 1604 1326 1678 μέν,
1346 1605 1351 1682 Ι
1369 1625 1433 1660 του-

306 1704 378 1761 τέστι
392 1709 450 1767 τοῖς
464 1703 615 1782 ἐριστικοῖς,
632 1701 770 1759 ἄπιστον
786 1701 872 1776 αύτὴν
890 1702 968 1773 εἶναι,
986 1709 1078 1782 σοφοῖς
1093 1700 1122 1759 δέ
1139 1704 1250 1774 πιστόν.
1268 1701 1298 1758 Ἠ
1315 1703 1364 1776 μέν
1381 1702 1433 1781 γάρ

307 1824 348 1867 τις
371 1808 426 1857 τῶν
449 1796 613 1867 ἀποδείξεων
635 1809 739 1882 χρῆται
762 1787 892 1875 λήμμασι
915 1801 1048 1864 τοιούτοις
1073 1802 1150 1857 ἅτινα
1172 1802 1261 1858 πάντα
1282 1798 1364 1879 ἀνδρα
1388 1801 1433 1855 καί

307 1901 404 1958 έκόντα
421 1902 467 1958 καί
488 1899 588 1957 ἀκοντα
604 1901 636 1956 τὸ
655 1898 687 1970 δὴ
708 1899 856 1978 λεγόμενον
873 1899 1073 1977 καταναγκάσω
1091 1903 1243 1972 πεισθῆναι,
1266 1900 1305 1963 ὡς
1326 1899 1382 1978 ἐρεῖ
1401 1900 1434 1955 τά

246 2001 276 2051 15
306 1998 369 2077 περί
389 1997 535 2060 ἀθανασίας
557 2001 661 2078 ψυχῆς,
681 2000 698 2068 ἡ
721 1995 749 2053 δέ
770 2019 810 2061 τις
830 2005 933 2078 χρῆται
953 1997 1087 2059 τοιούτοις
1107 1995 1250 2072 λήμμασιν
1269 1998 1286 2053 ἀ
1305 2002 1362 2060 τοῖς
1385 1997 1433 2071 μἐν

308 2093 501 2174 λογικωτέροις
519 2097 563 2152 καί
582 2095 728 2174 ἐριστικοῖς
748 2101 803 2152 τῶν
822 2094 1002 2153 διαλεκτικῶν
1023 2098 1069 2152 καὶ
1089 2096 1191 2159 παντός
1213 2101 1261 2152 τοῦ
1283 2093 1434 2173 λεγομένου

309 2194 392 2272 λόγον
412 2195 569 2251 ἀπαιτοῦσιν
588 2191 662 2250 ἐσται
681 2191 789 2263 ἀπιστα,
807 2199 864 2256 τοῖς
885 2192 913 2250 δέ
933 2193 1096 2268 ἐπιστήμοσι
1116 2195 1161 2249 καί
1182 2189 1370 2266 έπιόλητικοῖς
1388 2193 1433 2250 καί

310 2294 440 2374 βραχείας
455 2295 539 2368 μόνον
552 2294 730 2368 ἀναμνήσεως
744 2292 882 2367 δεομένοις
895 2292 995 2356 παντὸς
1008 2290 1116 2367 μᾶλλον
1127 2288 1200 2348 ἔσται
1209 2293 1302 2352 πιστά.
1316 2294 1395 2349 Ούτοι
1405 2290 1435 2348 δέ

310 2391 362 2447 είσι
378 2392 426 2465 μέν
441 2393 468 2447 οῖ
481 2391 525 2447 καὶ
535 2393 587 2462 τήν
598 2391 743 2449 ἀθανασίαν
753 2398 803 2462 τῆς
815 2395 906 2471 ψυχῆς
916 2392 1020 2447 ἑαυτῶν
1031 2391 1190 2469 ἑωρακότες,
1202 2396 1287 2447 ταῦτα
1298 2388 1326 2448 δέ
1337 2390 1391 2446 ἐστι
1401 2390 1435 2445 τὰ

245 2497 277 2548 20
308 2491 370 2569 περὶ
378 2495 463 2550 θεῶν.
471 2491 509 2547 T&
517 2491 566 2565 μέν
578 2489 624 2548 οὖν
632 2490 695 2569 περὶ
708 2488 853 2554 ἀθανασίας
861 2493 951 2568 ψυχῆς
963 2488 997 2546 δι’
1007 2484 1258 2569 ἀναμφισόητιίτων
1268 2482 1435 2554 ἀποδείξεων

308 2589 500 2647 κατασκευάσει
517 2588 562 2645 ἀπ’
580 2588 662 2660 αὐτῆς
680 2597 730 2660 τῆς
749 2588 839 2652 οὐσίας
860 2596 910 2659 τῆς
928 2593 1020 2669 ψυχῆς
1040 2590 1088 2653 τάς
1107 2583 1259 2653 ἀποδείξεις
1276 2589 1375 2668 φέρων·
1394 2588 1433 2651 εἷς

309 2688 402 2761 μέντοι
411 2688 473 2752 τοὺς
483 2689 542 2767 περί
552 2693 600 2744 τοῦ
613 2688 675 2750 Διὸς
687 2686 788 2765 λόγους
799 2688 908 2743 καὶτῶν
920 2686 1066 2763 ἡγεμόνων
1078 2692 1151 2743 θεῶν
1164 2686 1209 2741 καί
1224 2692 1278 2742 τῶν
1294 2687 1435 2761 ἑπομένων

308 2785 413 2849 τούτοις
433 2791 507 2842 θεῶν
526 2787 570 2841 καί
589 2783 729 2867 δαιμόνων
743 2785 789 2840 καί
809 2787 905 2865 ψυχῶν
920 2789 975 2840 τῶν
995 2805 1026 2840 τε
1041 2782 1126 2841 Ξείων
1138 2785 1183 2840 καί
1198 2783 1375 2862 ἀνθρωπίνων
1388 2783 1434 2838 καὶ

309 2884 347 2947 είς
360 2885 412 2955 τὴν
432 2886 499 2941 θέαν
517 2889 566 2941 τοῦ
582 2889 679 2954 νοητοῦ
698 2881 817 2948 κάλλους
834 2882 943 2960 ἀνάγων
958 2885 1008 2953 τήν
1019 2884 1112 2962 ψυχὴν
1126 2883 1171 2938 καὶ
1186 2883 1240 2938 τὸν
1257 2880 1434 2961 θ’περουρά-

246 2990 276 3041 25
309 3004 379 3039 νιον
398 2982 512 3054 τόπον,
533 2980 621 3038 οόκέτι
640 2978 711 3046 ἀξιοῖ
730 2981 798 3037 αύτά
813 2978 1012 3050 ἀποδεικνύναι,
1030 2978 1095 3037 ἀλλ’
1111 2981 1302 3060 ἀποφαντικῶς
1320 2980 1433 3060 ἀποφαί-

309 3102 384 3138 νεται
397 3080 458 3160 περὶ
476 3078 576 3151 αὐτῶν,
595 3081 642 3136 ἀτε
657 3078 690 3150 δὴ
711 3085 750 3154 τῷ
770 3077 827 3136 όντι
847 3079 1002 3136 ἐνθουσιῶν.
1026 3073 1180 3145 Διαλέξεται
1197 3076 1226 3135 δέ
1244 3079 1434 3159 ἀποφαντικῶς

309 3181 354 3235 καὶ
372 3180 502 3257 περὶτῶν
519 3177 595 3234 ἐννέα
611 3177 679 3254 βίων
696 3179 734 3234 ών
750 3176 798 3234 ’ένα
818 3180 935 3258 αίρεῑται
953 3182 971 3249 ἡ
992 3181 1066 3258 ψυχὴ
1086 3178 1202 3257 πρώτως
1221 3177 1252 3235 έκ
1269 3184 1316 3235 τοῦ
1336 3183 1435 3250 νοητοῦ

309 3283 447 3335 κατιοῦσα.
475 3277 522 3332 Διά
544 3281 628 3332 ταῦτα
650 3277 695 3332 καί
719 3274 792 3332 ἀλλα
813 3282 926 3333 τοιαῦτα
950 3275 1044 3334 πολλὰ
1065 3276 1115 3332 οόκ
1136 3272 1218 3342 ἀξιῶν
1238 3280 1359 3357 χρῆσθαι
1378 3283 1436 3341 ταῖς

311 3374 504 3455 λογικωτέραις
525 3368 704 3444 ἀποδείξεσιν,
728 3373 792 3432 ἀλλ’
813 3375 955 3432 αότοπτεῖν
977 3374 1062 3444 αὐτὴν
1082 3374 1123 3455 ἐφ’
1143 3376 1242 3446 έαυτῆς
1265 3372 1348 3440 ἀξιῶν
1370 3373 1436 3430 αύτά

248 3478 279 3529 θθ
310 3478 360 3546 τὴν
375 3476 478 3554 ψυχὴν,
494 3473 552 3530 είπε
565 3474 597 3528 τό
614 3497 628 3527 ι(
645 3477 662 3544 ἡ
678 3471 711 3530 δέ
727 3472 764 3544 δὴ
781 3471 952 3539 ἀπόδειξις
968 3469 1058 3528 ἐσται
1073 3471 1198 3537 δεινοῖς
1214 3473 1272 3547 μὲν
1288 3471 1433 3546 ἄπιστος,

311 3578 426 3654 σοφοῖς
446 3570 478 3628 δέ
496 3573 608 3641 πιστή’
625 3570 673 3628 δεῖ
693 3570 749 3628 οῦν
769 3578 899 3651 πρῶτον
919 3576 1028 3652 ψυχῆς
1049 3571 1177 3652 φύσεως
1195 3572 1269 3650 πέρι
1288 3570 1386 3635 Βείας
1401 3592 1435 3626 τε

309 3672 363 3728 καί
387 3670 596 3749 ἀνθρωπίνης
621 3667 736 3726 ίδόντα
758 3671 843 3741 πάθη
869 3691 903 3726 τε
926 3670 981 3725 καί
1004 3666 1081 3747 έργα
1102 3667 1245 3741 τάληθὲς
1268 3677 1396 3741 νοῆσαι.
1420 3692 1433 3721 ν

310 3768 418 3839 ἘπειδέΙ
434 3771 485 3848 γὰρ
500 3770 559 3848 περί
570 3777 620 3840 τῆς
632 3769 669 3832 είς
681 3769 712 3824 τὸ
722 3769 821 3840 νοητὸν
831 3766 936 3831 κάλλος
947 3768 1093 3846 ἀναγωγῆς
1104 3770 1118 3823 ὁ
1130 3764 1214 3846 λόγος
1225 3769 1270 3825 καὶ
1283 3767 1434 3846 ἀναγόντων

309 3867 355 3922 καὶ
366 3866 542 3943 ἀναγομένων
555 3865 677 3944 ἐρώντων
689 3867 770 3922 τεκαὶ
781 3865 926 3944 ἐρωμένων
936 3863 1116 3944 πληρούντων
1125 3887 1155 3922 τε
1165 3865 1211 3922 καὶ
1222 3865 1432 3944 πληρουμένων,

341 4082 470 4133 242470

341 4203 388 4254 NC
405 4206 418 4253 ³
434 4222 460 4254 τε
476 4217 530 4254 om.
551 4204 579 4253 M
645 4206 773 4270 γίγνεσθαι
795 4205 823 4255 Μ
889 4206 903 4255 5
925 4208 1050 4271 περιποιεῖ
1070 4203 1166 4267 scripsi
1186 4215 1193 4251 ε
1214 4206 1327 4269 περιέποι
1349 4203 1433 4253 libri:

310 4278 418 4341 περιέπει
433 4278 510 4325 Αοτῐ
531 4276 566 4326 ct.
581 4277 606 4335 7,
627 4286 655 4325 et
676 4276 729 4332 101,
750 4277 781 4327 26
845 4277 860 4326 8
879 4274 1020 4340 ποιοῦνται]
1040 4278 1160 4326 ποιοῦντα
1178 4274 1207 4323 Μ
1272 4273 1434 4339 σημειωτέον]

312 4350 449 4410 σημαντέον
470 4347 499 4396 Μ
564 4347 590 4399 δέ
606 4350 648 4398 καὶ
666 4349 734 4414 παρά
757 4349 784 4397 Μ
850 4350 881 4398 10
898 4347 1025 4414 ψυχικῶν]
1042 4351 1131 4432 ψυγῶν
1152 4346 1180 4395 Μ
1245 4346 1275 4397 11
1292 4348 1320 4397 τό
1340 4346 1367 4397 δὲ
1386 4349 1435 4396 δει·

311 4420 403 4475 νοῖςΑ
424 4424 488 4468 ante
509 4419 642 4469 emend.„
684 4419 804 4470 13ε115
827 4420 854 4483 ἡ]
878 4421 899 4469 εί
921 4419 949 4467 Μ
1018 4419 1047 4469 18
1063 4416 1223 4470 ουτοι-20
1239 4419 1436 4469 θεῶντωῧῦοα

312 4487 420 4540 videtur
441 4503 502 4541 esso
516 4490 652 4540 sententia
715 4490 932 4542 2οτῶνυεῶνΜ
996 4488 1093 4541 23τῶν
1107 4499 1172 4539 ame
1187 4507 1214 4539 τε
1228 4502 1283 4538 om.
1301 4488 1328 4537 Μ
1393 4489 1435 4538 καὶ

310 4567 375 4610 ante
389 4562 423 4619 είς
437 4574 491 4611 om.
506 4558 534 4610 Μ
599 4561 629 4610 27
647 4560 684 4627 ἐκ]
700 4563 750 4613 ἀπὸ
766 4563 795 4613 Μ
860 4561 891 4612 29
908 4561 954 4626 ἐφ’]
970 4563 1011 4626 ἀφ’
1025 4561 1053 4610 Μ
1119 4561 1149 4610 34
1165 4579 1191 4611 τε
1205 4557 1435 4627 ροείπληρούντων

310 4646 366 4682 om.
389 4632 412 4681 Α
