<?xml version="1.0" encoding="UTF-8"?>
<!DOCTYPE html PUBLIC "-//W3C//DTD XHTML 1.0 Transitional//EN"
    "http://www.w3.org/TR/xhtml1/DTD/xhtml1-transitional.dtd">
<html xmlns="http://www.w3.org/1999/xhtml" xml:lang="en" lang="en">
 <head>
  <title>
</title>
<meta http-equiv="Content-Type" content="text/html;charset=utf-8" />
  <meta name='ocr-system' content='tesseract 3.04.00' />
  <meta name='ocr-capabilities' content='ocr_page ocr_carea ocr_par ocr_line ocrx_word'/>
</head>
<body>
  <div class='ocr_page' id='page_1' title='image "./hermiaealexandr00alexgoog_0249.png"; bbox 0 0 3120 5506; ppageno 0'>
   <div class='ocr_carea' id='block_1_1' title="bbox 245 457 1084 692">
    <p class='ocr_par' dir='ltr' id='par_1_1' title="bbox 245 457 1084 692">
     <span class='ocr_line' id='line_1_1' title="bbox 343 457 1084 518; baseline 0.001 -10"><span class='ocrx_word' id='word_1_1' title='bbox 343 466 388 518; x_wconf 81' lang='grc'>182</span> <span class='ocrx_word' id='word_1_2' title='bbox 725 457 866 509; x_wconf 82' lang='grc' dir='ltr'>ΕΡΜΕΙΟΥ</span> <span class='ocrx_word' id='word_1_3' title='bbox 887 457 1084 510; x_wconf 77' lang='grc' dir='ltr'>ΦΙΛΟΣΟΦΟΥ</span> 
     </span>
     <span class='ocr_line' id='line_1_2' title="bbox 245 607 905 692; baseline 0.002 -22"><span class='ocrx_word' id='word_1_4' title='bbox 245 617 309 685; x_wconf 85' lang='grc'>[160]</span> <span class='ocrx_word' id='word_1_5' title='bbox 343 671 345 674; x_wconf 18' lang='lat'><strong>⁴</strong></span> <span class='ocrx_word' id='word_1_6' title='bbox 382 611 436 670; x_wconf 78' lang='grc' dir='ltr'>κε’.</span> <span class='ocrx_word' id='word_1_7' title='bbox 461 607 585 668; x_wconf 87' lang='grc' dir='ltr'>Ἰδόντα</span> <span class='ocrx_word' id='word_1_8' title='bbox 605 608 633 668; x_wconf 90' lang='grc' dir='ltr'>δ’</span> <span class='ocrx_word' id='word_1_9' title='bbox 655 608 764 692; x_wconf 86' lang='grc' dir='ltr'>αύτόν]</span> <span class='ocrx_word' id='word_1_10' title='bbox 786 610 844 671; x_wconf 86' lang='grc'>251</span> <span class='ocrx_word' id='word_1_11' title='bbox 866 607 905 671; x_wconf 86' lang='grc' dir='ltr'>Α.</span> 
     </span>
    </p>
   </div>
   <div class='ocr_carea' id='block_1_2' title="bbox 256 771 1463 2433">
    <p class='ocr_par' dir='ltr' id='par_1_2' title="bbox 256 771 1458 1059">
     <span class='ocr_line' id='line_1_3' title="bbox 256 771 1458 859; baseline -0.001 -23"><span class='ocrx_word' id='word_1_12' title='bbox 256 788 269 809; x_wconf 82' lang='grc'><strong><em>’</em></strong></span> <span class='ocrx_word' id='word_1_13' title='bbox 380 775 512 836; x_wconf 86' lang='grc' dir='ltr'>Βούλεται</span> <span class='ocrx_word' id='word_1_14' title='bbox 531 777 619 836; x_wconf 80' lang='grc' dir='ltr'>εῖπεῖν</span> <span class='ocrx_word' id='word_1_15' title='bbox 637 776 670 835; x_wconf 86' lang='grc' dir='ltr'>τά</span> <span class='ocrx_word' id='word_1_16' title='bbox 688 771 869 853; x_wconf 82' lang='grc' dir='ltr'>ουμύαὶνοντα</span> <span class='ocrx_word' id='word_1_17' title='bbox 886 777 946 859; x_wconf 83' lang='grc' dir='ltr'>περὶ</span> <span class='ocrx_word' id='word_1_18' title='bbox 963 777 1014 850; x_wconf 76' lang='grc' dir='ltr'>την</span> <span class='ocrx_word' id='word_1_19' title='bbox 1033 775 1100 835; x_wconf 65' lang='grc' dir='ltr'>Βὲαν</span> <span class='ocrx_word' id='word_1_20' title='bbox 1118 777 1164 834; x_wconf 84' lang='grc' dir='ltr'>καῖ</span> <span class='ocrx_word' id='word_1_21' title='bbox 1178 777 1229 849; x_wconf 74' lang='grc' dir='ltr'>τήν</span> <span class='ocrx_word' id='word_1_22' title='bbox 1249 776 1399 853; x_wconf 83' lang='grc' dir='ltr'>ἀνάμνησιν</span> <span class='ocrx_word' id='word_1_23' title='bbox 1413 785 1458 836; x_wconf 82' lang='grc' dir='ltr'>τοῦ</span> 
     </span>
     <span class='ocr_line' id='line_1_4' title="bbox 341 873 1458 950; baseline -0.002 -17"><span class='ocrx_word' id='word_1_24' title='bbox 341 882 441 948; x_wconf 83' lang='grc' dir='ltr'>νοητοῦ</span> <span class='ocrx_word' id='word_1_25' title='bbox 458 874 575 942; x_wconf 85' lang='grc' dir='ltr'>κάλλους</span> <span class='ocrx_word' id='word_1_26' title='bbox 594 873 685 933; x_wconf 79' lang='grc' dir='ltr'>ἰδόντα</span> <span class='ocrx_word' id='word_1_27' title='bbox 702 876 733 933; x_wconf 86' lang='grc' dir='ltr'>τὸ</span> <span class='ocrx_word' id='word_1_28' title='bbox 752 873 856 941; x_wconf 88' lang='grc' dir='ltr'>κάλλος</span> <span class='ocrx_word' id='word_1_29' title='bbox 873 876 920 933; x_wconf 86' lang='grc' dir='ltr'>καὶ</span> <span class='ocrx_word' id='word_1_30' title='bbox 939 875 969 932; x_wconf 77' lang='grc' dir='ltr'>ἐκ</span> <span class='ocrx_word' id='word_1_31' title='bbox 984 874 1080 933; x_wconf 88' lang='grc' dir='ltr'>τούτου</span> <span class='ocrx_word' id='word_1_32' title='bbox 1094 874 1361 950; x_wconf 87' lang='grc' dir='ltr'>ἀναπεμπαζόμενον</span> <span class='ocrx_word' id='word_1_33' title='bbox 1378 875 1420 932; x_wconf 74' lang='grc' dir='ltr'>ἐπὶ</span> <span class='ocrx_word' id='word_1_34' title='bbox 1431 877 1458 932; x_wconf 82' lang='grc' dir='ltr'>τό</span> 
     </span>
     <span class='ocr_line' id='line_1_5' title="bbox 341 966 1458 1059; baseline -0.001 -29"><span class='ocrx_word' id='word_1_35' title='bbox 341 973 439 1047; x_wconf 84' lang='grc' dir='ltr'>νοητὸν</span> <span class='ocrx_word' id='word_1_36' title='bbox 453 972 559 1059; x_wconf 84' lang='grc' dir='ltr'>κάλλος·</span> <span class='ocrx_word' id='word_1_37' title='bbox 578 971 613 1030; x_wconf 75' lang='grc' dir='ltr'>ἐκ</span> <span class='ocrx_word' id='word_1_38' title='bbox 628 973 680 1052; x_wconf 79' lang='grc' dir='ltr'>γάρ</span> <span class='ocrx_word' id='word_1_39' title='bbox 698 980 753 1045; x_wconf 78' lang='grc' dir='ltr'>τῆς</span> <span class='ocrx_word' id='word_1_40' title='bbox 774 972 890 1054; x_wconf 78' lang='grc' dir='ltr'>φρίκης</span> <span class='ocrx_word' id='word_1_41' title='bbox 911 966 1080 1049; x_wconf 84' lang='grc' dir='ltr'>μεταόολὴ</span> <span class='ocrx_word' id='word_1_42' title='bbox 1103 967 1279 1048; x_wconf 85' lang='grc' dir='ltr'>λαμόάνει·</span> <span class='ocrx_word' id='word_1_43' title='bbox 1304 970 1379 1041; x_wconf 76' lang='grc' dir='ltr'>διττὴ</span> <span class='ocrx_word' id='word_1_44' title='bbox 1399 970 1458 1043; x_wconf 70' lang='grc' dir='ltr'>δεῖ,</span> 
     </span>
    </p>

    <p class='ocr_par' dir='ltr' id='par_1_3' title="bbox 293 1064 1462 1547">
     <span class='ocr_line' id='line_1_6' title="bbox 293 1064 1459 1148; baseline -0.003 -19"><span class='ocrx_word' id='word_1_45' title='bbox 293 1069 308 1119; x_wconf 85' lang='grc'>5</span> <span class='ocrx_word' id='word_1_46' title='bbox 342 1066 494 1147; x_wconf 78' lang='grc' dir='ltr'>μεταόολή,</span> <span class='ocrx_word' id='word_1_47' title='bbox 510 1073 528 1142; x_wconf 99' lang='lat' dir='ltr'><em>Q</em></span> <span class='ocrx_word' id='word_1_48' title='bbox 545 1071 595 1146; x_wconf 79' lang='grc' dir='ltr'>μὶν</span> <span class='ocrx_word' id='word_1_49' title='bbox 613 1070 666 1127; x_wconf 82' lang='grc' dir='ltr'>ἀπὸ</span> <span class='ocrx_word' id='word_1_50' title='bbox 684 1075 731 1127; x_wconf 89' lang='grc' dir='ltr'>τοῦ</span> <span class='ocrx_word' id='word_1_51' title='bbox 750 1075 847 1142; x_wconf 92' lang='grc' dir='ltr'>νοητοῦ</span> <span class='ocrx_word' id='word_1_52' title='bbox 868 1068 911 1126; x_wconf 79' lang='grc' dir='ltr'>ἐπὶ</span> <span class='ocrx_word' id='word_1_53' title='bbox 928 1065 1094 1148; x_wconf 69' lang='grc' dir='ltr'>τήνῖρόνεαιν</span> <span class='ocrx_word' id='word_1_54' title='bbox 1110 1064 1262 1144; x_wconf 84' lang='grc' dir='ltr'>μεταόολή,</span> <span class='ocrx_word' id='word_1_55' title='bbox 1280 1073 1316 1143; x_wconf 81' lang='grc' dir='ltr'>ἣν</span> <span class='ocrx_word' id='word_1_56' title='bbox 1330 1070 1375 1127; x_wconf 81' lang='grc' dir='ltr'>καῖ</span> <span class='ocrx_word' id='word_1_57' title='bbox 1389 1069 1459 1126; x_wconf 84' lang='grc' dir='ltr'>ἀπό·</span> 
     </span>
     <span class='ocr_line' id='line_1_7' title="bbox 339 1166 1460 1250; baseline -0.003 -21"><span class='ocrx_word' id='word_1_58' title='bbox 339 1192 464 1229; x_wconf 89' lang='grc' dir='ltr'>πτωσιν</span> <span class='ocrx_word' id='word_1_59' title='bbox 484 1169 543 1228; x_wconf 86' lang='grc' dir='ltr'>εῖπε</span> <span class='ocrx_word' id='word_1_60' title='bbox 559 1177 608 1241; x_wconf 81' lang='grc' dir='ltr'>τῆς</span> <span class='ocrx_word' id='word_1_61' title='bbox 627 1173 731 1250; x_wconf 75' lang='grc' dir='ltr'>ψυχῆς,</span> <span class='ocrx_word' id='word_1_62' title='bbox 746 1172 764 1241; x_wconf 81' lang='lat' dir='ltr'><em>Q</em></span> <span class='ocrx_word' id='word_1_63' title='bbox 779 1168 808 1226; x_wconf 82' lang='grc' dir='ltr'>δε</span> <span class='ocrx_word' id='word_1_64' title='bbox 821 1169 874 1226; x_wconf 82' lang='grc' dir='ltr'>ἀπὸ</span> <span class='ocrx_word' id='word_1_65' title='bbox 893 1176 942 1242; x_wconf 81' lang='grc' dir='ltr'>τῆς</span> <span class='ocrx_word' id='word_1_66' title='bbox 960 1168 1090 1247; x_wconf 74' lang='grc' dir='ltr'>γενέσεως</span> <span class='ocrx_word' id='word_1_67' title='bbox 1105 1166 1148 1226; x_wconf 73' lang='grc' dir='ltr'>ἐπὶ</span> <span class='ocrx_word' id='word_1_68' title='bbox 1162 1168 1193 1225; x_wconf 83' lang='grc' dir='ltr'>τὸ</span> <span class='ocrx_word' id='word_1_69' title='bbox 1207 1169 1317 1241; x_wconf 85' lang='grc' dir='ltr'>νοητόν,</span> <span class='ocrx_word' id='word_1_70' title='bbox 1336 1172 1371 1241; x_wconf 80' lang='grc' dir='ltr'>ἣν</span> <span class='ocrx_word' id='word_1_71' title='bbox 1385 1169 1460 1226; x_wconf 59' lang='grc' dir='ltr'>θέαν</span> 
     </span>
     <span class='ocr_line' id='line_1_8' title="bbox 339 1264 1460 1348; baseline -0.002 -23"><span class='ocrx_word' id='word_1_72' title='bbox 339 1267 428 1329; x_wconf 84' lang='grc' dir='ltr'>καλεῖ.</span> <span class='ocrx_word' id='word_1_73' title='bbox 451 1274 503 1325; x_wconf 84' lang='grc' dir='ltr'>Νῦν</span> <span class='ocrx_word' id='word_1_74' title='bbox 524 1265 570 1325; x_wconf 85' lang='grc' dir='ltr'>ούν</span> <span class='ocrx_word' id='word_1_75' title='bbox 591 1269 653 1348; x_wconf 83' lang='grc' dir='ltr'>περὶ</span> <span class='ocrx_word' id='word_1_76' title='bbox 673 1264 725 1340; x_wconf 82' lang='grc' dir='ltr'>τῆς</span> <span class='ocrx_word' id='word_1_77' title='bbox 744 1268 951 1348; x_wconf 77' lang='grc' dir='ltr'>πτεροφυήοεως</span> <span class='ocrx_word' id='word_1_78' title='bbox 972 1265 1100 1345; x_wconf 88' lang='grc' dir='ltr'>βούλεται</span> <span class='ocrx_word' id='word_1_79' title='bbox 1120 1267 1204 1325; x_wconf 79' lang='grc' dir='ltr'>εἰπεῖν</span> <span class='ocrx_word' id='word_1_80' title='bbox 1223 1272 1283 1332; x_wconf 86' lang='grc' dir='ltr'>πῶς</span> <span class='ocrx_word' id='word_1_81' title='bbox 1304 1265 1417 1348; x_wconf 74' lang='grc' dir='ltr'>ἄρχεται</span> <span class='ocrx_word' id='word_1_82' title='bbox 1432 1267 1460 1323; x_wconf 83' lang='grc' dir='ltr'>τό</span> 
     </span>
     <span class='ocr_line' id='line_1_9' title="bbox 340 1361 1462 1448; baseline -0.004 -23"><span class='ocrx_word' id='word_1_83' title='bbox 340 1368 438 1448; x_wconf 85' lang='grc' dir='ltr'>πτερὸν</span> <span class='ocrx_word' id='word_1_84' title='bbox 460 1364 595 1448; x_wconf 84' lang='grc' dir='ltr'>θ’ρδεσθαι·</span> <span class='ocrx_word' id='word_1_85' title='bbox 615 1367 702 1424; x_wconf 82' lang='grc' dir='ltr'>πάντα</span> <span class='ocrx_word' id='word_1_86' title='bbox 722 1365 853 1424; x_wconf 75' lang='grc' dir='ltr'>δὲταῦτα</span> <span class='ocrx_word' id='word_1_87' title='bbox 876 1370 1066 1447; x_wconf 72' lang='grc' dir='ltr'>μεταφορικῶς</span> <span class='ocrx_word' id='word_1_88' title='bbox 1088 1361 1173 1444; x_wconf 76' lang='grc' dir='ltr'>λέγει.</span> <span class='ocrx_word' id='word_1_89' title='bbox 1197 1363 1320 1446; x_wconf 83' lang='grc' dir='ltr'>Ἱδρώς,</span> <span class='ocrx_word' id='word_1_90' title='bbox 1344 1366 1462 1423; x_wconf 72' lang='grc' dir='ltr'>τουτέστι</span> 
     </span>
     <span class='ocr_line' id='line_1_10' title="bbox 341 1459 1462 1547; baseline -0.004 -22"><span class='ocrx_word' id='word_1_91' title='bbox 341 1473 418 1531; x_wconf 63' lang='grc' dir='ltr'>θεῖος</span> <span class='ocrx_word' id='word_1_92' title='bbox 431 1463 524 1547; x_wconf 75' lang='grc' dir='ltr'>ἱδρώς·</span> <span class='ocrx_word' id='word_1_93' title='bbox 541 1464 652 1523; x_wconf 78' lang='grc' dir='ltr'>ἐνταῦθα</span> <span class='ocrx_word' id='word_1_94' title='bbox 662 1465 714 1545; x_wconf 77' lang='grc' dir='ltr'>γὰρ</span> <span class='ocrx_word' id='word_1_95' title='bbox 729 1462 795 1523; x_wconf 88' lang='grc' dir='ltr'>ούαα</span> <span class='ocrx_word' id='word_1_96' title='bbox 809 1467 827 1536; x_wconf 99' lang='lat' dir='ltr'><em>Q</em></span> <span class='ocrx_word' id='word_1_97' title='bbox 842 1466 917 1545; x_wconf 72' lang='grc' dir='ltr'>ψυχὴ</span> <span class='ocrx_word' id='word_1_98' title='bbox 932 1470 972 1539; x_wconf 82' lang='grc' dir='ltr'>τῷ</span> <span class='ocrx_word' id='word_1_99' title='bbox 984 1461 1041 1521; x_wconf 86' lang='grc' dir='ltr'>όντι</span> <span class='ocrx_word' id='word_1_100' title='bbox 1055 1463 1138 1544; x_wconf 80' lang='grc' dir='ltr'>ῖδροῖ,</span> <span class='ocrx_word' id='word_1_101' title='bbox 1150 1461 1204 1528; x_wconf 67' lang='grc' dir='ltr'>ἕως</span> <span class='ocrx_word' id='word_1_102' title='bbox 1219 1465 1251 1520; x_wconf 88' lang='grc' dir='ltr'>ού</span> <span class='ocrx_word' id='word_1_103' title='bbox 1265 1459 1462 1544; x_wconf 80' lang='grc' dir='ltr'>καταδράζηται</span> 
     </span>
    </p>

    <p class='ocr_par' dir='ltr' id='par_1_4' title="bbox 279 1559 1463 2038">
     <span class='ocr_line' id='line_1_11' title="bbox 279 1559 1461 1643; baseline -0.003 -20"><span class='ocrx_word' id='word_1_104' title='bbox 279 1559 310 1610; x_wconf 81' lang='lat'>¹⁰</span> <span class='ocrx_word' id='word_1_105' title='bbox 341 1571 389 1623; x_wconf 87' lang='grc' dir='ltr'>τοῦ</span> <span class='ocrx_word' id='word_1_106' title='bbox 405 1569 514 1637; x_wconf 86' lang='grc' dir='ltr'>νοητοῦ·</span> <span class='ocrx_word' id='word_1_107' title='bbox 529 1573 578 1635; x_wconf 84' lang='grc' dir='ltr'>τῆς</span> <span class='ocrx_word' id='word_1_108' title='bbox 593 1561 640 1622; x_wconf 89' lang='grc' dir='ltr'>ούν</span> <span class='ocrx_word' id='word_1_109' title='bbox 653 1563 786 1643; x_wconf 74' lang='grc' dir='ltr'>γενέσεως</span> <span class='ocrx_word' id='word_1_110' title='bbox 800 1563 915 1638; x_wconf 88' lang='grc' dir='ltr'>σημεῖόν</span> <span class='ocrx_word' id='word_1_111' title='bbox 930 1561 1000 1620; x_wconf 81' lang='grc' dir='ltr'>ἐστιν</span> <span class='ocrx_word' id='word_1_112' title='bbox 1015 1564 1030 1620; x_wconf 87' lang='grc' dir='ltr'>δ</span> <span class='ocrx_word' id='word_1_113' title='bbox 1044 1561 1139 1643; x_wconf 80' lang='grc' dir='ltr'>ῖδριύς·</span> <span class='ocrx_word' id='word_1_114' title='bbox 1159 1561 1260 1641; x_wconf 74' lang='grc' dir='ltr'>ἱδρὼς</span> <span class='ocrx_word' id='word_1_115' title='bbox 1279 1560 1328 1621; x_wconf 87' lang='grc' dir='ltr'>οῦν</span> <span class='ocrx_word' id='word_1_116' title='bbox 1343 1568 1461 1627; x_wconf 89' lang='grc' dir='ltr'>τοιοῦτος</span> 
     </span>
     <span class='ocr_line' id='line_1_12' title="bbox 342 1657 1461 1742; baseline -0.004 -19"><span class='ocrx_word' id='word_1_117' title='bbox 342 1657 506 1738; x_wconf 87' lang='grc' dir='ltr'>λαμύάνει</span> <span class='ocrx_word' id='word_1_118' title='bbox 527 1662 564 1728; x_wconf 82' lang='grc' dir='ltr'>ὡς</span> <span class='ocrx_word' id='word_1_119' title='bbox 585 1662 730 1721; x_wconf 79' lang='grc' dir='ltr'>ἀποθέσθαι</span> <span class='ocrx_word' id='word_1_120' title='bbox 749 1664 799 1735; x_wconf 76' lang='grc' dir='ltr'>τὴν</span> <span class='ocrx_word' id='word_1_121' title='bbox 817 1660 1007 1741; x_wconf 74' lang='grc' dir='ltr'>γενεσιουργὸν</span> <span class='ocrx_word' id='word_1_122' title='bbox 1027 1660 1170 1742; x_wconf 75' lang='grc' dir='ltr'>ἐνέργειαν.</span> <span class='ocrx_word' id='word_1_123' title='bbox 1192 1659 1224 1717; x_wconf 84' lang='grc' dir='ltr'><strong><em>Ἡ</em></strong></span> <span class='ocrx_word' id='word_1_124' title='bbox 1246 1658 1274 1717; x_wconf 76' lang='grc' dir='ltr'>δὲ</span> <span class='ocrx_word' id='word_1_125' title='bbox 1296 1661 1461 1741; x_wconf 59' lang='grc' dir='ltr'>θερμότης</span> 
     </span>
     <span class='ocr_line' id='line_1_13' title="bbox 341 1757 1461 1841; baseline -0.003 -22"><span class='ocrx_word' id='word_1_126' title='bbox 341 1759 416 1825; x_wconf 81' lang='grc' dir='ltr'>οἶδας</span> <span class='ocrx_word' id='word_1_127' title='bbox 436 1759 479 1817; x_wconf 88' lang='grc' dir='ltr'>ότι</span> <span class='ocrx_word' id='word_1_128' title='bbox 498 1761 597 1833; x_wconf 79' lang='grc' dir='ltr'>ζωτικη</span> <span class='ocrx_word' id='word_1_129' title='bbox 620 1759 685 1818; x_wconf 75' lang='grc' dir='ltr'>ἐστι·</span> <span class='ocrx_word' id='word_1_130' title='bbox 706 1760 752 1818; x_wconf 83' lang='grc' dir='ltr'>καὶ</span> <span class='ocrx_word' id='word_1_131' title='bbox 770 1759 820 1841; x_wconf 84' lang='grc' dir='ltr'>γάρ</span> <span class='ocrx_word' id='word_1_132' title='bbox 834 1760 880 1818; x_wconf 82' lang='grc' dir='ltr'>καὶ</span> <span class='ocrx_word' id='word_1_133' title='bbox 896 1760 929 1816; x_wconf 76' lang='grc' dir='ltr'>τὰ</span> <span class='ocrx_word' id='word_1_134' title='bbox 943 1758 1056 1817; x_wconf 77' lang='grc' dir='ltr'>ἐνταῦθα</span> <span class='ocrx_word' id='word_1_135' title='bbox 1071 1759 1159 1817; x_wconf 82' lang='grc' dir='ltr'>πάντα</span> <span class='ocrx_word' id='word_1_136' title='bbox 1173 1757 1215 1817; x_wconf 79' lang='grc' dir='ltr'>διὰ</span> <span class='ocrx_word' id='word_1_137' title='bbox 1229 1767 1279 1830; x_wconf 85' lang='grc' dir='ltr'>τῆς</span> <span class='ocrx_word' id='word_1_138' title='bbox 1292 1758 1461 1840; x_wconf 61' lang='grc' dir='ltr'>θερμότητος</span> 
     </span>
     <span class='ocr_line' id='line_1_14' title="bbox 342 1855 1463 1940; baseline -0.001 -24"><span class='ocrx_word' id='word_1_139' title='bbox 342 1859 465 1933; x_wconf 82' lang='grc' dir='ltr'>σῴζεται·</span> <span class='ocrx_word' id='word_1_140' title='bbox 489 1855 564 1916; x_wconf 81' lang='grc' dir='ltr'>ἔσται</span> <span class='ocrx_word' id='word_1_141' title='bbox 581 1857 629 1917; x_wconf 88' lang='grc' dir='ltr'>σύν</span> <span class='ocrx_word' id='word_1_142' title='bbox 650 1862 668 1931; x_wconf 95' lang='lat' dir='ltr'><em>Q</em></span> <span class='ocrx_word' id='word_1_143' title='bbox 688 1859 826 1939; x_wconf 59' lang='grc' dir='ltr'>θερμότης</span> <span class='ocrx_word' id='word_1_144' title='bbox 844 1861 862 1930; x_wconf 99' lang='lat' dir='ltr'><em>Q</em></span> <span class='ocrx_word' id='word_1_145' title='bbox 882 1858 1021 1938; x_wconf 77' lang='grc' dir='ltr'>ἀναγωγός</span> <span class='ocrx_word' id='word_1_146' title='bbox 1042 1855 1156 1934; x_wconf 87' lang='grc' dir='ltr'>δύναμις</span> <span class='ocrx_word' id='word_1_147' title='bbox 1174 1865 1226 1930; x_wconf 83' lang='grc' dir='ltr'>τῆς</span> <span class='ocrx_word' id='word_1_148' title='bbox 1246 1860 1339 1940; x_wconf 76' lang='grc' dir='ltr'>ψυχῆς</span> <span class='ocrx_word' id='word_1_149' title='bbox 1358 1865 1408 1930; x_wconf 78' lang='grc' dir='ltr'>τῆς</span> <span class='ocrx_word' id='word_1_150' title='bbox 1423 1857 1463 1915; x_wconf 70' lang='grc' dir='ltr'>διὰ</span> 
     </span>
     <span class='ocr_line' id='line_1_15' title="bbox 342 1955 1462 2038; baseline 0.001 -24"><span class='ocrx_word' id='word_1_151' title='bbox 342 1958 424 2038; x_wconf 85' lang='grc' dir='ltr'>πυρὸς</span> <span class='ocrx_word' id='word_1_152' title='bbox 441 1957 531 2030; x_wconf 83' lang='grc' dir='ltr'>ζώσης</span> <span class='ocrx_word' id='word_1_153' title='bbox 545 1961 601 2014; x_wconf 92' lang='grc' dir='ltr'>τῶν</span> <span class='ocrx_word' id='word_1_154' title='bbox 616 1963 734 2030; x_wconf 82' lang='grc' dir='ltr'>νοητῶν.</span> <span class='ocrx_word' id='word_1_155' title='bbox 750 1958 785 2015; x_wconf 86' lang='grc' dir='ltr'>Τὸ</span> <span class='ocrx_word' id='word_1_156' title='bbox 802 1956 831 2015; x_wconf 74' lang='grc' dir='ltr'>δὲ</span> <span class='ocrx_word' id='word_1_157' title='bbox 844 1957 948 2031; x_wconf 81' lang='grc' dir='ltr'>ἀηθης</span> <span class='ocrx_word' id='word_1_158' title='bbox 962 1958 1038 2016; x_wconf 78' lang='grc' dir='ltr'>εἶπεν</span> <span class='ocrx_word' id='word_1_159' title='bbox 1052 1955 1145 2028; x_wconf 75' lang='grc' dir='ltr'>ἐπειδὴ</span> <span class='ocrx_word' id='word_1_160' title='bbox 1160 1957 1213 2038; x_wconf 84' lang='grc' dir='ltr'>πρὸ</span> <span class='ocrx_word' id='word_1_161' title='bbox 1228 1957 1327 2016; x_wconf 92' lang='grc' dir='ltr'>τούτου</span> <span class='ocrx_word' id='word_1_162' title='bbox 1341 1956 1391 2014; x_wconf 90' lang='grc' dir='ltr'>ούκ</span> <span class='ocrx_word' id='word_1_163' title='bbox 1407 1957 1462 2037; x_wconf 79' lang='grc' dir='ltr'>εἶχε</span> 
     </span>
    </p>

    <p class='ocr_par' dir='ltr' id='par_1_5' title="bbox 280 2050 1462 2433">
     <span class='ocr_line' id='line_1_16' title="bbox 280 2050 1462 2137; baseline -0.002 -24"><span class='ocrx_word' id='word_1_164' title='bbox 280 2050 311 2104; x_wconf 82' lang='lat'>15</span> <span class='ocrx_word' id='word_1_165' title='bbox 343 2056 470 2129; x_wconf 80' lang='grc' dir='ltr'>τοιαύτην</span> <span class='ocrx_word' id='word_1_166' title='bbox 489 2055 659 2137; x_wconf 62' lang='grc' dir='ltr'>θερμότητα,</span> <span class='ocrx_word' id='word_1_167' title='bbox 680 2054 707 2113; x_wconf 78' lang='grc' dir='ltr'>όν</span> <span class='ocrx_word' id='word_1_168' title='bbox 727 2055 783 2131; x_wconf 83' lang='grc' dir='ltr'>δαιρ</span> <span class='ocrx_word' id='word_1_169' title='bbox 801 2058 836 2128; x_wconf 81' lang='grc' dir='ltr'>ἦν</span> <span class='ocrx_word' id='word_1_170' title='bbox 852 2057 914 2136; x_wconf 76' lang='grc' dir='ltr'>περὶ</span> <span class='ocrx_word' id='word_1_171' title='bbox 934 2057 984 2127; x_wconf 78' lang='grc' dir='ltr'>τὴν</span> <span class='ocrx_word' id='word_1_172' title='bbox 1002 2056 1107 2135; x_wconf 73' lang='grc' dir='ltr'>γένεσιν</span> <span class='ocrx_word' id='word_1_173' title='bbox 1128 2055 1359 2137; x_wconf 71' lang='grc' dir='ltr'>ἀναστρεφομένη·</span> <span class='ocrx_word' id='word_1_174' title='bbox 1382 2057 1462 2129; x_wconf 68' lang='grc' dir='ltr'>μήπω</span> 
     </span>
     <span class='ocr_line' id='line_1_17' title="bbox 341 2151 1460 2236; baseline 0.001 -25"><span class='ocrx_word' id='word_1_175' title='bbox 341 2154 393 2233; x_wconf 74' lang='grc' dir='ltr'>γάρ</span> <span class='ocrx_word' id='word_1_176' title='bbox 411 2153 612 2229; x_wconf 80' lang='grc' dir='ltr'>ἀναμνησθεῖσα</span> <span class='ocrx_word' id='word_1_177' title='bbox 630 2158 686 2211; x_wconf 88' lang='grc' dir='ltr'>τῶν</span> <span class='ocrx_word' id='word_1_178' title='bbox 703 2159 819 2227; x_wconf 81' lang='grc' dir='ltr'>νοητῶν,</span> <span class='ocrx_word' id='word_1_179' title='bbox 840 2151 916 2211; x_wconf 88' lang='grc' dir='ltr'>ούπω</span> <span class='ocrx_word' id='word_1_180' title='bbox 939 2152 1001 2236; x_wconf 80' lang='grc' dir='ltr'>εἶχε</span> <span class='ocrx_word' id='word_1_181' title='bbox 1021 2151 1148 2226; x_wconf 82' lang='grc' dir='ltr'>τοιαύτην</span> <span class='ocrx_word' id='word_1_182' title='bbox 1167 2153 1327 2233; x_wconf 66' lang='grc' dir='ltr'>θερμότητα</span> <span class='ocrx_word' id='word_1_183' title='bbox 1345 2152 1460 2233; x_wconf 69' lang='grc' dir='ltr'>ἐνεργόν.</span> 
     </span>
     <span class='ocr_line' id='line_1_18' title="bbox 345 2249 1462 2333; baseline -0.003 -24"><span class='ocrx_word' id='word_1_184' title='bbox 345 2249 451 2322; x_wconf 80' lang='grc' dir='ltr'>Ἐπειδὴ</span> <span class='ocrx_word' id='word_1_185' title='bbox 467 2250 496 2310; x_wconf 76' lang='grc' dir='ltr'>δὶ</span> <span class='ocrx_word' id='word_1_186' title='bbox 510 2249 608 2333; x_wconf 73' lang='grc' dir='ltr'>ἤρξατο</span> <span class='ocrx_word' id='word_1_187' title='bbox 621 2251 883 2330; x_wconf 67' lang='grc' dir='ltr'>ἀναμιμνῄσκεσθαι,</span> <span class='ocrx_word' id='word_1_188' title='bbox 896 2251 1074 2332; x_wconf 59' lang='grc' dir='ltr'>θερμαίνεται</span> <span class='ocrx_word' id='word_1_189' title='bbox 1084 2253 1130 2309; x_wconf 87' lang='grc' dir='ltr'>καὶ</span> <span class='ocrx_word' id='word_1_190' title='bbox 1144 2251 1283 2331; x_wconf 76' lang='grc' dir='ltr'>ἀνάγεται·</span> <span class='ocrx_word' id='word_1_191' title='bbox 1299 2252 1346 2309; x_wconf 83' lang='grc' dir='ltr'>καὶ</span> <span class='ocrx_word' id='word_1_192' title='bbox 1358 2250 1462 2332; x_wconf 74' lang='grc' dir='ltr'>γὰρκαὶ</span> 
     </span>
     <span class='ocr_line' id='line_1_19' title="bbox 344 2348 1109 2433; baseline 0.004 -25"><span class='ocrx_word' id='word_1_193' title='bbox 344 2349 456 2409; x_wconf 79' lang='grc' dir='ltr'>ἐνταῦθα</span> <span class='ocrx_word' id='word_1_194' title='bbox 469 2353 487 2422; x_wconf 95' lang='lat' dir='ltr'><em>Q</em></span> <span class='ocrx_word' id='word_1_195' title='bbox 504 2351 643 2432; x_wconf 58' lang='grc' dir='ltr'>θερμότης</span> <span class='ocrx_word' id='word_1_196' title='bbox 657 2352 782 2433; x_wconf 72' lang='grc' dir='ltr'>ἀναφέρει</span> <span class='ocrx_word' id='word_1_197' title='bbox 795 2352 826 2408; x_wconf 88' lang='grc' dir='ltr'>τὸ</span> <span class='ocrx_word' id='word_1_198' title='bbox 843 2351 924 2432; x_wconf 82' lang='grc' dir='ltr'>ὑγρὸν</span> <span class='ocrx_word' id='word_1_199' title='bbox 939 2350 982 2409; x_wconf 80' lang='grc' dir='ltr'>ἐπὶ</span> <span class='ocrx_word' id='word_1_200' title='bbox 995 2350 1026 2408; x_wconf 83' lang='grc' dir='ltr'>τό</span> <span class='ocrx_word' id='word_1_201' title='bbox 1041 2348 1109 2411; x_wconf 86' lang='grc' dir='ltr'>ἀνω.</span> 
     </span>
    </p>
   </div>
   <div class='ocr_carea' id='block_1_3' title="bbox 382 2528 1128 2615">
    <p class='ocr_par' dir='ltr' id='par_1_6' title="bbox 382 2528 1128 2615">
     <span class='ocr_line' id='line_1_20' title="bbox 382 2528 1128 2615; baseline 0.003 -26"><span class='ocrx_word' id='word_1_202' title='bbox 382 2529 437 2594; x_wconf 83' lang='grc' dir='ltr'>κό’.</span> <span class='ocrx_word' id='word_1_203' title='bbox 461 2530 648 2609; x_wconf 81' lang='grc' dir='ltr'>Δεξάμενος</span> <span class='ocrx_word' id='word_1_204' title='bbox 670 2533 729 2613; x_wconf 76' lang='grc' dir='ltr'>γὰρ</span> <span class='ocrx_word' id='word_1_205' title='bbox 750 2536 807 2590; x_wconf 84' lang='grc' dir='ltr'>τοῦ</span> <span class='ocrx_word' id='word_1_206' title='bbox 827 2528 989 2615; x_wconf 89' lang='grc' dir='ltr'>κάλλους]</span> <span class='ocrx_word' id='word_1_207' title='bbox 1011 2532 1068 2591; x_wconf 85' lang='grc'>251</span> <span class='ocrx_word' id='word_1_208' title='bbox 1091 2531 1128 2591; x_wconf 90' lang='grc' dir='ltr'>Β.</span> 
     </span>
    </p>
   </div>
   <div class='ocr_carea' id='block_1_4' title="bbox 282 2685 1463 2781">
    <p class='ocr_par' dir='ltr' id='par_1_7' title="bbox 282 2685 1463 2781">
     <span class='ocr_line' id='line_1_21' title="bbox 282 2685 1463 2781; baseline -0.003 -35"><span class='ocrx_word' id='word_1_209' title='bbox 282 2695 313 2746; x_wconf 77' lang='lat'>20</span> <span class='ocrx_word' id='word_1_210' title='bbox 385 2687 442 2745; x_wconf 84' lang='grc' dir='ltr'>Διά</span> <span class='ocrx_word' id='word_1_211' title='bbox 458 2687 509 2768; x_wconf 81' lang='grc' dir='ltr'>γὰρ</span> <span class='ocrx_word' id='word_1_212' title='bbox 527 2692 590 2745; x_wconf 86' lang='grc' dir='ltr'>τῶν</span> <span class='ocrx_word' id='word_1_213' title='bbox 604 2688 764 2764; x_wconf 81' lang='grc' dir='ltr'>ὀμμάτων</span> <span class='ocrx_word' id='word_1_214' title='bbox 779 2691 797 2760; x_wconf 95' lang='lat' dir='ltr'><em>Q</em></span> <span class='ocrx_word' id='word_1_215' title='bbox 813 2689 964 2764; x_wconf 86' lang='grc' dir='ltr'>ἀνάμνησις</span> <span class='ocrx_word' id='word_1_216' title='bbox 978 2685 1092 2768; x_wconf 74' lang='grc' dir='ltr'>γίνεται.</span> <span class='ocrx_word' id='word_1_217' title='bbox 1107 2690 1171 2760; x_wconf 80' lang='grc' dir='ltr'>Τὴν</span> <span class='ocrx_word' id='word_1_218' title='bbox 1186 2687 1215 2747; x_wconf 71' lang='grc' dir='ltr'>δὲ</span> <span class='ocrx_word' id='word_1_219' title='bbox 1230 2688 1395 2781; x_wconf 80' lang='grc' dir='ltr'>ἀπορροὴν</span> <span class='ocrx_word' id='word_1_220' title='bbox 1409 2687 1463 2745; x_wconf 80' lang='grc' dir='ltr'>ἀντὶ</span> 
     </span>
    </p>
   </div>
   <div class='ocr_carea' id='block_1_5' title="bbox 238 2783 1471 4054">
    <p class='ocr_par' dir='ltr' id='par_1_8' title="bbox 238 2783 1465 3163">
     <span class='ocr_line' id='line_1_22' title="bbox 238 2783 1464 2869; baseline -0.003 -23"><span class='ocrx_word' id='word_1_221' title='bbox 238 2794 328 2846; x_wconf 80' lang='grc' dir='ltr'>ί·66ι··</span> <span class='ocrx_word' id='word_1_222' title='bbox 345 2792 393 2844; x_wconf 82' lang='grc' dir='ltr'>τοῦ</span> <span class='ocrx_word' id='word_1_223' title='bbox 416 2783 518 2844; x_wconf 81' lang='grc' dir='ltr'>εῖδωλα</span> <span class='ocrx_word' id='word_1_224' title='bbox 539 2791 586 2844; x_wconf 91' lang='grc' dir='ltr'>τοῦ</span> <span class='ocrx_word' id='word_1_225' title='bbox 610 2785 739 2853; x_wconf 88' lang='grc' dir='ltr'>κάλλους.</span> <span class='ocrx_word' id='word_1_226' title='bbox 760 2822 799 2832; x_wconf 89' lang='grc'><strong>-</strong></span> <span class='ocrx_word' id='word_1_227' title='bbox 820 2784 1018 2863; x_wconf 80' lang='grc' dir='ltr'>Δεξάμενος,</span> <span class='ocrx_word' id='word_1_228' title='bbox 1040 2785 1132 2860; x_wconf 75' lang='grc' dir='ltr'>ἐπειδὴ</span> <span class='ocrx_word' id='word_1_229' title='bbox 1147 2784 1162 2869; x_wconf 82' lang='grc' dir='ltr'>-Ι</span> <span class='ocrx_word' id='word_1_230' title='bbox 1185 2792 1306 2866; x_wconf 88' lang='grc' dir='ltr'>μερικῶς</span> <span class='ocrx_word' id='word_1_231' title='bbox 1328 2792 1384 2843; x_wconf 87' lang='grc' dir='ltr'>τῶν</span> <span class='ocrx_word' id='word_1_232' title='bbox 1400 2783 1464 2862; x_wconf 74' lang='grc' dir='ltr'>τῇδε</span> 
     </span>
     <span class='ocr_line' id='line_1_23' title="bbox 345 2881 1465 2966; baseline 0.006 -25"><span class='ocrx_word' id='word_1_233' title='bbox 345 2881 584 2961; x_wconf 83' lang='grc' dir='ltr'>ἀντιλαμύάνεται.</span> <span class='ocrx_word' id='word_1_234' title='bbox 600 2918 641 2932; x_wconf 91' lang='grc'>-</span> <span class='ocrx_word' id='word_1_235' title='bbox 656 2884 852 2966; x_wconf 82' lang='grc' dir='ltr'>Ἐθερμάνθη</span> <span class='ocrx_word' id='word_1_236' title='bbox 867 2884 895 2944; x_wconf 83' lang='grc' dir='ltr'>δὶ</span> <span class='ocrx_word' id='word_1_237' title='bbox 907 2885 964 2943; x_wconf 84' lang='grc' dir='ltr'>ἀντὶ</span> <span class='ocrx_word' id='word_1_238' title='bbox 978 2891 1026 2944; x_wconf 89' lang='grc' dir='ltr'>τοῦ</span> <span class='ocrx_word' id='word_1_239' title='bbox 1038 2886 1200 2962; x_wconf 78' lang='grc' dir='ltr'>ἀπεκινηθη,</span> <span class='ocrx_word' id='word_1_240' title='bbox 1214 2886 1312 2957; x_wconf 78' lang='grc' dir='ltr'>καθὸὴ</span> <span class='ocrx_word' id='word_1_241' title='bbox 1328 2883 1465 2964; x_wconf 69' lang='grc' dir='ltr'>ἀναγωγός</span> 
     </span>
     <span class='ocr_line' id='line_1_24' title="bbox 345 2981 1464 3066; baseline -0.003 -24"><span class='ocrx_word' id='word_1_242' title='bbox 345 2984 427 3056; x_wconf 84' lang='grc' dir='ltr'>αύτῆς</span> <span class='ocrx_word' id='word_1_243' title='bbox 444 2981 556 3059; x_wconf 86' lang='grc' dir='ltr'>δύναμις</span> <span class='ocrx_word' id='word_1_244' title='bbox 568 2982 679 3066; x_wconf 75' lang='grc' dir='ltr'>ἄρχεται</span> <span class='ocrx_word' id='word_1_245' title='bbox 693 2982 829 3065; x_wconf 81' lang='grc' dir='ltr'>ἀρδεοθαι,</span> <span class='ocrx_word' id='word_1_246' title='bbox 841 2984 933 3066; x_wconf 78' lang='grc' dir='ltr'>ὥσπερ</span> <span class='ocrx_word' id='word_1_247' title='bbox 947 2985 991 3042; x_wconf 78' lang='grc' dir='ltr'>καὶ</span> <span class='ocrx_word' id='word_1_248' title='bbox 1003 2985 1102 3045; x_wconf 88' lang='grc' dir='ltr'>ἀνθεῖν.</span> <span class='ocrx_word' id='word_1_249' title='bbox 1118 2984 1170 3043; x_wconf 86' lang='grc' dir='ltr'>Τὸν</span> <span class='ocrx_word' id='word_1_250' title='bbox 1184 2983 1264 3041; x_wconf 85' lang='grc' dir='ltr'>αὐτὸν</span> <span class='ocrx_word' id='word_1_251' title='bbox 1279 2982 1308 3042; x_wconf 75' lang='grc' dir='ltr'>δὲ</span> <span class='ocrx_word' id='word_1_252' title='bbox 1319 2984 1420 3064; x_wconf 81' lang='grc' dir='ltr'>τρόπον</span> <span class='ocrx_word' id='word_1_253' title='bbox 1434 2981 1464 3038; x_wconf 81' lang='grc' dir='ltr'>ἀν</span> 
     </span>
     <span class='ocr_line' id='line_1_25' title="bbox 345 3079 1464 3163; baseline -0.003 -22"><span class='ocrx_word' id='word_1_254' title='bbox 345 3081 421 3141; x_wconf 79' lang='grc' dir='ltr'>εόποι</span> <span class='ocrx_word' id='word_1_255' title='bbox 439 3105 480 3148; x_wconf 90' lang='grc' dir='ltr'>τις</span> <span class='ocrx_word' id='word_1_256' title='bbox 496 3081 539 3139; x_wconf 76' lang='grc' dir='ltr'>ἀπὶ</span> <span class='ocrx_word' id='word_1_257' title='bbox 556 3087 611 3140; x_wconf 87' lang='grc' dir='ltr'>τῶν</span> <span class='ocrx_word' id='word_1_258' title='bbox 626 3081 750 3140; x_wconf 82' lang='grc' dir='ltr'>καλύκων</span> <span class='ocrx_word' id='word_1_259' title='bbox 767 3088 822 3141; x_wconf 85' lang='grc' dir='ltr'>τῶν</span> <span class='ocrx_word' id='word_1_260' title='bbox 836 3082 924 3163; x_wconf 83' lang='grc' dir='ltr'>ῥόδων</span> <span class='ocrx_word' id='word_1_261' title='bbox 941 3083 982 3141; x_wconf 87' lang='grc' dir='ltr'>ότι</span> <span class='ocrx_word' id='word_1_262' title='bbox 997 3083 1138 3159; x_wconf 87' lang='grc' dir='ltr'>μεμυκότα</span> <span class='ocrx_word' id='word_1_263' title='bbox 1153 3083 1219 3156; x_wconf 78' lang='grc' dir='ltr'>ἐστὶ,</span> <span class='ocrx_word' id='word_1_264' title='bbox 1237 3083 1426 3163; x_wconf 70' lang='grc' dir='ltr'>3ερμανθόντα</span> <span class='ocrx_word' id='word_1_265' title='bbox 1438 3079 1464 3138; x_wconf 83' lang='grc' dir='ltr'>δὶ</span> 
     </span>
    </p>

    <p class='ocr_par' dir='ltr' id='par_1_9' title="bbox 283 3178 1465 3361">
     <span class='ocr_line' id='line_1_26' title="bbox 283 3178 1465 3264; baseline -0.001 -25"><span class='ocrx_word' id='word_1_266' title='bbox 283 3188 314 3239; x_wconf 80' lang='lat'>25</span> <span class='ocrx_word' id='word_1_267' title='bbox 346 3179 519 3249; x_wconf 78' lang='grc' dir='ltr'>ἐξαπλοῦται·</span> <span class='ocrx_word' id='word_1_268' title='bbox 535 3181 607 3260; x_wconf 80' lang='grc' dir='ltr'>λέγει</span> <span class='ocrx_word' id='word_1_269' title='bbox 622 3178 651 3239; x_wconf 69' lang='grc' dir='ltr'>δὲ</span> <span class='ocrx_word' id='word_1_270' title='bbox 664 3183 724 3261; x_wconf 85' lang='grc' dir='ltr'>περὶ</span> <span class='ocrx_word' id='word_1_271' title='bbox 739 3190 788 3254; x_wconf 83' lang='grc' dir='ltr'>τῆς</span> <span class='ocrx_word' id='word_1_272' title='bbox 802 3180 976 3249; x_wconf 75' lang='grc' dir='ltr'>ἐζαπλιύαεως</span> <span class='ocrx_word' id='word_1_273' title='bbox 992 3183 1036 3240; x_wconf 78' lang='grc' dir='ltr'>καὶ</span> <span class='ocrx_word' id='word_1_274' title='bbox 1048 3181 1144 3240; x_wconf 84' lang='grc' dir='ltr'>ἀνόδου</span> <span class='ocrx_word' id='word_1_275' title='bbox 1158 3191 1208 3254; x_wconf 81' lang='grc' dir='ltr'>τῆς</span> <span class='ocrx_word' id='word_1_276' title='bbox 1223 3185 1325 3264; x_wconf 78' lang='grc' dir='ltr'>ψυχῆς.</span> <span class='ocrx_word' id='word_1_277' title='bbox 1339 3216 1380 3226; x_wconf 91' lang='grc'>-</span> <span class='ocrx_word' id='word_1_278' title='bbox 1392 3189 1465 3261; x_wconf 86' lang='grc' dir='ltr'>Θερ-</span> 
     </span>
     <span class='ocr_line' id='line_1_27' title="bbox 348 3278 1462 3361; baseline 0.001 -24"><span class='ocrx_word' id='word_1_279' title='bbox 348 3281 511 3355; x_wconf 82' lang='grc' dir='ltr'>μανθέντα</span> <span class='ocrx_word' id='word_1_280' title='bbox 531 3278 564 3336; x_wconf 72' lang='grc' dir='ltr'>δὲ</span> <span class='ocrx_word' id='word_1_281' title='bbox 577 3279 688 3351; x_wconf 81' lang='grc' dir='ltr'>ἐτάκη·</span> <span class='ocrx_word' id='word_1_282' title='bbox 705 3281 766 3339; x_wconf 91' lang='grc' dir='ltr'>τότε</span> <span class='ocrx_word' id='word_1_283' title='bbox 776 3282 827 3361; x_wconf 79' lang='grc' dir='ltr'>γὰρ</span> <span class='ocrx_word' id='word_1_284' title='bbox 840 3282 875 3352; x_wconf 81' lang='grc' dir='ltr'>ἦν</span> <span class='ocrx_word' id='word_1_285' title='bbox 890 3280 1133 3358; x_wconf 87' lang='grc' dir='ltr'>συμμεμυκότα</span> <span class='ocrx_word' id='word_1_286' title='bbox 1150 3281 1211 3339; x_wconf 85' lang='grc' dir='ltr'>ύπδ</span> <span class='ocrx_word' id='word_1_287' title='bbox 1225 3279 1462 3361; x_wconf 84' lang='grc' dir='ltr'>σκληρότητος,</span> 
     </span>
    </p>

    <p class='ocr_par' dir='ltr' id='par_1_10' title="bbox 345 3376 1465 3659">
     <span class='ocr_line' id='line_1_28' title="bbox 345 3376 1464 3459; baseline 0 -24"><span class='ocrx_word' id='word_1_288' title='bbox 345 3384 392 3436; x_wconf 88' lang='grc' dir='ltr'>νῦν</span> <span class='ocrx_word' id='word_1_289' title='bbox 412 3376 441 3435; x_wconf 78' lang='grc' dir='ltr'>δὲ</span> <span class='ocrx_word' id='word_1_290' title='bbox 459 3377 558 3451; x_wconf 75' lang='grc' dir='ltr'>ἐτάκη</span> <span class='ocrx_word' id='word_1_291' title='bbox 577 3378 623 3435; x_wconf 77' lang='grc' dir='ltr'>καὶ</span> <span class='ocrx_word' id='word_1_292' title='bbox 642 3376 754 3451; x_wconf 81' lang='grc' dir='ltr'>διελύθη</span> <span class='ocrx_word' id='word_1_293' title='bbox 772 3379 816 3436; x_wconf 87' lang='grc' dir='ltr'>καὶ</span> <span class='ocrx_word' id='word_1_294' title='bbox 837 3377 936 3436; x_wconf 79' lang='grc' dir='ltr'>εὔλυτα</span> <span class='ocrx_word' id='word_1_295' title='bbox 952 3379 1049 3459; x_wconf 73' lang='grc' dir='ltr'>γέγονε</span> <span class='ocrx_word' id='word_1_296' title='bbox 1067 3378 1153 3437; x_wconf 89' lang='grc' dir='ltr'>πάντα</span> <span class='ocrx_word' id='word_1_297' title='bbox 1166 3378 1199 3437; x_wconf 84' lang='grc' dir='ltr'>τοῖ</span> <span class='ocrx_word' id='word_1_298' title='bbox 1213 3378 1388 3459; x_wconf 75' lang='grc' dir='ltr'>γενεσιουργά</span> <span class='ocrx_word' id='word_1_299' title='bbox 1401 3379 1464 3458; x_wconf 85' lang='grc' dir='ltr'>πρὸς</span> 
     </span>
     <span class='ocr_line' id='line_1_29' title="bbox 346 3471 1465 3559; baseline -0.002 -26"><span class='ocrx_word' id='word_1_300' title='bbox 346 3477 502 3556; x_wconf 74' lang='grc' dir='ltr'>ἀναγωγήν.</span> <span class='ocrx_word' id='word_1_301' title='bbox 520 3475 633 3534; x_wconf 80' lang='grc' dir='ltr'>Δύναται</span> <span class='ocrx_word' id='word_1_302' title='bbox 651 3474 681 3533; x_wconf 72' lang='grc' dir='ltr'>δὲ</span> <span class='ocrx_word' id='word_1_303' title='bbox 696 3477 727 3533; x_wconf 85' lang='grc' dir='ltr'>τὸ</span> <span class='ocrx_word' id='word_1_304' title='bbox 744 3476 844 3549; x_wconf 75' lang='grc' dir='ltr'>ἐτάκη</span> <span class='ocrx_word' id='word_1_305' title='bbox 862 3477 899 3542; x_wconf 85' lang='grc' dir='ltr'>ὡς</span> <span class='ocrx_word' id='word_1_306' title='bbox 913 3477 956 3535; x_wconf 78' lang='grc' dir='ltr'>ἐπὶ</span> <span class='ocrx_word' id='word_1_307' title='bbox 969 3483 1017 3535; x_wconf 92' lang='grc' dir='ltr'>τοῦ</span> <span class='ocrx_word' id='word_1_308' title='bbox 1032 3484 1120 3559; x_wconf 88' lang='grc' dir='ltr'>κηροῦ</span> <span class='ocrx_word' id='word_1_309' title='bbox 1135 3471 1335 3553; x_wconf 83' lang='grc' dir='ltr'>λαμόάνεσθαι,</span> <span class='ocrx_word' id='word_1_310' title='bbox 1350 3477 1409 3535; x_wconf 80' lang='grc' dir='ltr'>ἀντὶ</span> <span class='ocrx_word' id='word_1_311' title='bbox 1421 3481 1465 3533; x_wconf 83' lang='grc' dir='ltr'>τοῦ</span> 
     </span>
     <span class='ocr_line' id='line_1_30' title="bbox 347 3573 1465 3659; baseline -0.004 -25"><span class='ocrx_word' id='word_1_312' title='bbox 347 3574 457 3648; x_wconf 87' lang='grc' dir='ltr'>διελύθη</span> <span class='ocrx_word' id='word_1_313' title='bbox 468 3576 513 3632; x_wconf 80' lang='grc' dir='ltr'>καῖ</span> <span class='ocrx_word' id='word_1_314' title='bbox 524 3573 661 3647; x_wconf 79' lang='grc' dir='ltr'>ἥπλωται·</span> <span class='ocrx_word' id='word_1_315' title='bbox 676 3577 722 3633; x_wconf 83' lang='grc' dir='ltr'>καὶ</span> <span class='ocrx_word' id='word_1_316' title='bbox 735 3575 786 3657; x_wconf 76' lang='grc' dir='ltr'>γὰρ</span> <span class='ocrx_word' id='word_1_317' title='bbox 797 3577 811 3632; x_wconf 85' lang='grc' dir='ltr'>ὁ</span> <span class='ocrx_word' id='word_1_318' title='bbox 821 3577 907 3656; x_wconf 87' lang='grc' dir='ltr'>κηρὸς</span> <span class='ocrx_word' id='word_1_319' title='bbox 921 3576 1073 3651; x_wconf 87' lang='grc' dir='ltr'>τηκόμενος</span> <span class='ocrx_word' id='word_1_320' title='bbox 1087 3577 1181 3659; x_wconf 76' lang='grc' dir='ltr'>χόεται</span> <span class='ocrx_word' id='word_1_321' title='bbox 1194 3576 1240 3633; x_wconf 88' lang='grc' dir='ltr'>καὶ</span> <span class='ocrx_word' id='word_1_322' title='bbox 1255 3574 1404 3637; x_wconf 88' lang='grc' dir='ltr'>διαλύεται.</span> <span class='ocrx_word' id='word_1_323' title='bbox 1417 3575 1465 3632; x_wconf 74' lang='grc' dir='ltr'>Καὶ</span> 
     </span>
    </p>

    <p class='ocr_par' dir='ltr' id='par_1_11' title="bbox 284 3671 1471 4054">
     <span class='ocr_line' id='line_1_31' title="bbox 284 3671 1471 3756; baseline 0 -27"><span class='ocrx_word' id='word_1_324' title='bbox 284 3676 316 3729; x_wconf 86' lang='grc'>30</span> <span class='ocrx_word' id='word_1_325' title='bbox 348 3674 460 3731; x_wconf 80' lang='grc' dir='ltr'>ἐνταῦθα</span> <span class='ocrx_word' id='word_1_326' title='bbox 479 3672 508 3731; x_wconf 75' lang='grc' dir='ltr'>δὲ</span> <span class='ocrx_word' id='word_1_327' title='bbox 525 3679 640 3750; x_wconf 79' lang='grc' dir='ltr'>σημεῖον</span> <span class='ocrx_word' id='word_1_328' title='bbox 658 3678 750 3756; x_wconf 76' lang='grc' dir='ltr'>ψυχῆς</span> <span class='ocrx_word' id='word_1_329' title='bbox 770 3672 918 3741; x_wconf 69' lang='grc' dir='ltr'>σπουδαίας</span> <span class='ocrx_word' id='word_1_330' title='bbox 937 3675 1100 3751; x_wconf 83' lang='grc' dir='ltr'>ποιούμεθα,</span> <span class='ocrx_word' id='word_1_331' title='bbox 1121 3675 1151 3733; x_wconf 84' lang='grc' dir='ltr'>τό</span> <span class='ocrx_word' id='word_1_332' title='bbox 1171 3671 1198 3743; x_wconf 77' lang='grc' dir='ltr'>ἐξ</span> <span class='ocrx_word' id='word_1_333' title='bbox 1214 3673 1316 3754; x_wconf 82' lang='grc' dir='ltr'>όλῖγων</span> <span class='ocrx_word' id='word_1_334' title='bbox 1338 3674 1471 3756; x_wconf 53' lang='grc' dir='ltr'>ἀφορμῶνΔ</span> 
     </span>
     <span class='ocr_line' id='line_1_32' title="bbox 347 3770 1467 3848; baseline -0.002 -19"><span class='ocrx_word' id='word_1_335' title='bbox 347 3773 391 3830; x_wconf 82' lang='grc' dir='ltr'>καὶ</span> <span class='ocrx_word' id='word_1_336' title='bbox 407 3773 578 3848; x_wconf 81' lang='grc' dir='ltr'>μαθημάτων</span> <span class='ocrx_word' id='word_1_337' title='bbox 591 3771 685 3831; x_wconf 80' lang='grc' dir='ltr'>πολλὰ</span> <span class='ocrx_word' id='word_1_338' title='bbox 700 3770 827 3831; x_wconf 87' lang='grc' dir='ltr'>δύνασθαι</span> <span class='ocrx_word' id='word_1_339' title='bbox 840 3779 939 3833; x_wconf 85' lang='grc' dir='ltr'>τεκεῖν.</span> <span class='ocrx_word' id='word_1_340' title='bbox 957 3775 1007 3831; x_wconf 81' lang='grc' dir='ltr'>Καὶ</span> <span class='ocrx_word' id='word_1_341' title='bbox 1025 3773 1138 3831; x_wconf 75' lang='grc' dir='ltr'>ἐνταῦθα</span> <span class='ocrx_word' id='word_1_342' title='bbox 1155 3772 1201 3831; x_wconf 90' lang='grc' dir='ltr'>ούν</span> <span class='ocrx_word' id='word_1_343' title='bbox 1220 3772 1251 3830; x_wconf 79' lang='grc' dir='ltr'>ἐκ</span> <span class='ocrx_word' id='word_1_344' title='bbox 1269 3781 1322 3845; x_wconf 81' lang='grc' dir='ltr'>τῆς</span> <span class='ocrx_word' id='word_1_345' title='bbox 1340 3773 1407 3837; x_wconf 66' lang='grc' dir='ltr'>Βόας</span> <span class='ocrx_word' id='word_1_346' title='bbox 1425 3771 1467 3829; x_wconf 78' lang='grc' dir='ltr'>καὶ</span> 
     </span>
     <span class='ocr_line' id='line_1_33' title="bbox 347 3865 1467 3954; baseline 0 -27"><span class='ocrx_word' id='word_1_347' title='bbox 347 3880 398 3943; x_wconf 83' lang='grc' dir='ltr'>τῆς</span> <span class='ocrx_word' id='word_1_348' title='bbox 413 3865 572 3952; x_wconf 81' lang='grc' dir='ltr'>προσόολῆς</span> <span class='ocrx_word' id='word_1_349' title='bbox 586 3877 633 3928; x_wconf 88' lang='grc' dir='ltr'>τοῦ</span> <span class='ocrx_word' id='word_1_350' title='bbox 648 3869 768 3937; x_wconf 91' lang='grc' dir='ltr'>κάλλους</span> <span class='ocrx_word' id='word_1_351' title='bbox 784 3871 864 3954; x_wconf 86' lang='grc' dir='ltr'>φησὶν</span> <span class='ocrx_word' id='word_1_352' title='bbox 876 3870 916 3929; x_wconf 87' lang='grc' dir='ltr'>ότι</span> <span class='ocrx_word' id='word_1_353' title='bbox 930 3871 1116 3953; x_wconf 78' lang='grc' dir='ltr'>ἐθερμάνθη</span> <span class='ocrx_word' id='word_1_354' title='bbox 1131 3872 1176 3929; x_wconf 84' lang='grc' dir='ltr'>καὶ</span> <span class='ocrx_word' id='word_1_355' title='bbox 1189 3871 1309 3945; x_wconf 80' lang='grc' dir='ltr'>ήπλιύθη</span> <span class='ocrx_word' id='word_1_356' title='bbox 1325 3872 1369 3929; x_wconf 82' lang='grc' dir='ltr'>καὶ</span> <span class='ocrx_word' id='word_1_357' title='bbox 1384 3870 1467 3928; x_wconf 60' lang='lat' dir='ltr'>{azzi</span> 
     </span>
     <span class='ocr_line' id='line_1_34' title="bbox 348 3967 1467 4054; baseline -0.001 -27"><span class='ocrx_word' id='word_1_358' title='bbox 348 3967 402 4028; x_wconf 89' lang='grc' dir='ltr'>όλα</span> <span class='ocrx_word' id='word_1_359' title='bbox 419 3968 544 4029; x_wconf 86' lang='grc' dir='ltr'>ἀνελθεῖν</span> <span class='ocrx_word' id='word_1_360' title='bbox 564 3968 685 4044; x_wconf 71' lang='grc' dir='ltr'>ἠδυνήθη</span> <span class='ocrx_word' id='word_1_361' title='bbox 707 3970 745 4028; x_wconf 81' lang='grc' dir='ltr'>τά</span> <span class='ocrx_word' id='word_1_362' title='bbox 765 3971 840 4052; x_wconf 82' lang='grc' dir='ltr'>περὶ</span> <span class='ocrx_word' id='word_1_363' title='bbox 860 3973 918 4043; x_wconf 79' lang='grc' dir='ltr'>τὴν</span> <span class='ocrx_word' id='word_1_364' title='bbox 937 3967 1081 4054; x_wconf 72' lang='grc' dir='ltr'>ἔκφυσιν,</span> <span class='ocrx_word' id='word_1_365' title='bbox 1104 3972 1121 4029; x_wconf 85' lang='grc' dir='ltr'>ἀ</span> <span class='ocrx_word' id='word_1_366' title='bbox 1142 3968 1229 4029; x_wconf 85' lang='grc' dir='ltr'>πάλαι</span> <span class='ocrx_word' id='word_1_367' title='bbox 1251 3971 1303 4029; x_wconf 88' lang='grc' dir='ltr'>ύπδ</span> <span class='ocrx_word' id='word_1_368' title='bbox 1326 3969 1467 4051; x_wconf 84' lang='grc' dir='ltr'>ακληρό·</span> 
     </span>
    </p>
   </div>
   <div class='ocr_carea' id='block_1_6' title="bbox 348 4230 1467 4515">
    <p class='ocr_par' dir='ltr' id='par_1_12' title="bbox 348 4230 1409 4370">
     <span class='ocr_line' id='line_1_35' title="bbox 380 4230 1409 4299; baseline -0.001 -18"><span class='ocrx_word' id='word_1_369' title='bbox 380 4231 427 4283; x_wconf 89' lang='lat' dir='ltr'>NC</span> <span class='ocrx_word' id='word_1_370' title='bbox 451 4231 579 4295; x_wconf 59' lang='lat' dir='ltr'>ljssavrn,</span> <span class='ocrx_word' id='word_1_371' title='bbox 603 4233 611 4283; x_wconf 81' lang='lat' dir='ltr'>t</span> <span class='ocrx_word' id='word_1_372' title='bbox 634 4231 708 4282; x_wconf 82' lang='lat' dir='ltr'>rubr.</span> <span class='ocrx_word' id='word_1_373' title='bbox 728 4232 753 4281; x_wconf 87' lang='grc' dir='ltr'>Α</span> <span class='ocrx_word' id='word_1_374' title='bbox 821 4232 848 4285; x_wconf 70' lang='grc' dir='ltr'>δὲ</span> <span class='ocrx_word' id='word_1_375' title='bbox 870 4232 898 4281; x_wconf 88' lang='grc' dir='ltr'><strong>Μ</strong></span> <span class='ocrx_word' id='word_1_376' title='bbox 967 4234 982 4282; x_wconf 87' lang='grc'>3</span> <span class='ocrx_word' id='word_1_377' title='bbox 1007 4233 1082 4285; x_wconf 78' lang='grc' dir='ltr'>ἰδόντι</span> <span class='ocrx_word' id='word_1_378' title='bbox 1103 4237 1130 4283; x_wconf 81' lang='lat' dir='ltr'>et</span> <span class='ocrx_word' id='word_1_379' title='bbox 1153 4230 1409 4299; x_wconf 75' lang='grc' dir='ltr'>ἀναπεμπαζομόνῳῖ</span> 
     </span>
     <span class='ocr_line' id='line_1_36' title="bbox 348 4301 1407 4370; baseline -0.001 -16"><span class='ocrx_word' id='word_1_380' title='bbox 348 4304 362 4353; x_wconf 89' lang='grc'><strong>7</strong></span> <span class='ocrx_word' id='word_1_381' title='bbox 384 4302 439 4369; x_wconf 87' lang='grc' dir='ltr'>ούν]</span> <span class='ocrx_word' id='word_1_382' title='bbox 461 4304 487 4355; x_wconf 74' lang='grc' dir='ltr'>δὲ</span> <span class='ocrx_word' id='word_1_383' title='bbox 506 4305 534 4354; x_wconf 88' lang='grc' dir='ltr'><strong>Μ</strong></span> <span class='ocrx_word' id='word_1_384' title='bbox 599 4302 630 4355; x_wconf 87' lang='grc'>10</span> <span class='ocrx_word' id='word_1_385' title='bbox 649 4307 753 4368; x_wconf 83' lang='grc' dir='ltr'>σημεῖον</span> <span class='ocrx_word' id='word_1_386' title='bbox 769 4304 842 4356; x_wconf 60' lang='grc' dir='ltr'>Υἐστὶν</span> <span class='ocrx_word' id='word_1_387' title='bbox 861 4307 887 4354; x_wconf 84' lang='grc' dir='ltr'>Α</span> <span class='ocrx_word' id='word_1_388' title='bbox 950 4304 981 4355; x_wconf 83' lang='grc'>12</span> <span class='ocrx_word' id='word_1_389' title='bbox 999 4306 1052 4355; x_wconf 78' lang='grc' dir='ltr'>ἑοτά</span> <span class='ocrx_word' id='word_1_390' title='bbox 1066 4306 1090 4355; x_wconf 75' lang='grc' dir='ltr'>Α</span> <span class='ocrx_word' id='word_1_391' title='bbox 1153 4303 1202 4370; x_wconf 74' lang='grc' dir='ltr'>γάρ</span> <span class='ocrx_word' id='word_1_392' title='bbox 1221 4301 1275 4369; x_wconf 79' lang='grc' dir='ltr'>καὶ]</span> <span class='ocrx_word' id='word_1_393' title='bbox 1294 4303 1359 4355; x_wconf 85' lang='grc' dir='ltr'>κατά</span> <span class='ocrx_word' id='word_1_394' title='bbox 1380 4304 1407 4353; x_wconf 90' lang='grc' dir='ltr'><strong><em>Μ</em></strong></span> 
     </span>
    </p>

    <p class='ocr_par' dir='ltr' id='par_1_13' title="bbox 349 4373 1467 4515">
     <span class='ocr_line' id='line_1_37' title="bbox 349 4373 1467 4444; baseline -0.003 -19"><span class='ocrx_word' id='word_1_395' title='bbox 349 4377 378 4425; x_wconf 79' lang='grc'>14</span> <span class='ocrx_word' id='word_1_396' title='bbox 404 4374 496 4440; x_wconf 82' lang='grc' dir='ltr'>ζώσης]</span> <span class='ocrx_word' id='word_1_397' title='bbox 521 4379 545 4425; x_wconf 84' lang='grc' dir='ltr'><strong>Α</strong></span> <span class='ocrx_word' id='word_1_398' title='bbox 569 4381 672 4439; x_wconf 76' lang='grc' dir='ltr'>ζωτικῆς</span> <span class='ocrx_word' id='word_1_399' title='bbox 696 4375 725 4425; x_wconf 90' lang='grc' dir='ltr'><strong><em>Μ</em></strong></span> <span class='ocrx_word' id='word_1_400' title='bbox 790 4374 849 4443; x_wconf 79' lang='grc' dir='ltr'>προ]</span> <span class='ocrx_word' id='word_1_401' title='bbox 869 4377 940 4444; x_wconf 48' lang='grc' dir='ltr'>ἶπρὸς</span> <span class='ocrx_word' id='word_1_402' title='bbox 969 4375 998 4425; x_wconf 90' lang='grc' dir='ltr'><strong><em>Μ</em></strong></span> <span class='ocrx_word' id='word_1_403' title='bbox 1063 4375 1094 4425; x_wconf 86' lang='grc'>17</span> <span class='ocrx_word' id='word_1_404' title='bbox 1121 4376 1164 4426; x_wconf 76' lang='grc' dir='ltr'>οιαὶ</span> <span class='ocrx_word' id='word_1_405' title='bbox 1191 4380 1253 4439; x_wconf 82' lang='lat' dir='ltr'><strong>post</strong></span> <span class='ocrx_word' id='word_1_406' title='bbox 1280 4374 1329 4441; x_wconf 73' lang='grc' dir='ltr'>γὰρ</span> <span class='ocrx_word' id='word_1_407' title='bbox 1357 4387 1412 4425; x_wconf 86' lang='lat' dir='ltr'>om.</span> <span class='ocrx_word' id='word_1_408' title='bbox 1440 4373 1467 4422; x_wconf 89' lang='grc' dir='ltr'><strong><em>Μ</em></strong></span> 
     </span>
     <span class='ocr_line' id='line_1_38' title="bbox 410 4443 1409 4515; baseline -0.001 -19"><span class='ocrx_word' id='word_1_409' title='bbox 410 4446 442 4497; x_wconf 85' lang='grc'>18</span> <span class='ocrx_word' id='word_1_410' title='bbox 463 4448 578 4515; x_wconf 77' lang='grc' dir='ltr'>ἀναφέρω</span> <span class='ocrx_word' id='word_1_411' title='bbox 597 4450 622 4497; x_wconf 86' lang='grc' dir='ltr'>Α</span> <span class='ocrx_word' id='word_1_412' title='bbox 685 4445 716 4496; x_wconf 84' lang='grc'>19</span> <span class='ocrx_word' id='word_1_413' title='bbox 737 4445 878 4511; x_wconf 77' lang='grc' dir='ltr'>δεξάμενος,</span> <span class='ocrx_word' id='word_1_414' title='bbox 900 4448 913 4497; x_wconf 87' lang='grc' dir='ltr'>θ</span> <span class='ocrx_word' id='word_1_415' title='bbox 935 4447 1009 4496; x_wconf 86' lang='lat' dir='ltr'>rubr.</span> <span class='ocrx_word' id='word_1_416' title='bbox 1031 4450 1056 4496; x_wconf 85' lang='grc' dir='ltr'><strong>Α</strong></span> <span class='ocrx_word' id='word_1_417' title='bbox 1119 4446 1150 4496; x_wconf 84' lang='lat'>25</span> <span class='ocrx_word' id='word_1_418' title='bbox 1172 4447 1335 4504; x_wconf 77' lang='grc' dir='ltr'>ἐξαπλοῦνται</span> <span class='ocrx_word' id='word_1_419' title='bbox 1355 4443 1409 4495; x_wconf 82' lang='grc' dir='ltr'>ΕΜ</span> 
     </span>
    </p>
   </div>
   <div class='ocr_carea' id='block_1_7' title="bbox 347 4520 1468 4700">
    <p class='ocr_par' dir='ltr' id='par_1_14' title="bbox 347 4520 1468 4700">
     <span class='ocr_line' id='line_1_39' title="bbox 347 4520 1468 4631; baseline 0.001 -18"><span class='ocrx_word' id='word_1_420' title='bbox 347 4520 420 4614; x_wconf 63' lang='grc'>3536</span> <span class='ocrx_word' id='word_1_421' title='bbox 436 4560 610 4631; x_wconf 77' lang='grc' dir='ltr'>θερμανθέντα]</span> <span class='ocrx_word' id='word_1_422' title='bbox 624 4529 758 4630; x_wconf 74' lang='grc' dir='ltr'>θερμανθίύ</span> <span class='ocrx_word' id='word_1_423' title='bbox 772 4565 796 4613; x_wconf 81' lang='grc' dir='ltr'><strong>Α</strong></span> <span class='ocrx_word' id='word_1_424' title='bbox 812 4577 818 4613; x_wconf 88' lang='lat'>:</span> <span class='ocrx_word' id='word_1_425' title='bbox 834 4564 1008 4630; x_wconf 82' lang='grc' dir='ltr'>θερμανθόντος</span> <span class='ocrx_word' id='word_1_426' title='bbox 1025 4563 1115 4615; x_wconf 52' lang='lat' dir='ltr'>Plau:</span> <span class='ocrx_word' id='word_1_427' title='bbox 1130 4560 1262 4630; x_wconf 72' lang='grc' dir='ltr'>θερμανθὲν</span> <span class='ocrx_word' id='word_1_428' title='bbox 1281 4561 1309 4611; x_wconf 94' lang='grc' dir='ltr'><strong><em>Μ</em></strong></span> <span class='ocrx_word' id='word_1_429' title='bbox 1374 4562 1406 4613; x_wconf 81' lang='grc'>26</span> <span class='ocrx_word' id='word_1_430' title='bbox 1422 4562 1468 4614; x_wconf 72' lang='grc' dir='ltr'>ὑπὸ</span> 
     </span>
     <span class='ocr_line' id='line_1_40' title="bbox 350 4631 1421 4700; baseline -0.002 -15"><span class='ocrx_word' id='word_1_431' title='bbox 350 4636 516 4700; x_wconf 81' lang='grc' dir='ltr'>σκληρότητος</span> <span class='ocrx_word' id='word_1_432' title='bbox 534 4636 715 4699; x_wconf 83' lang='grc' dir='ltr'>συμμεμυκότα</span> <span class='ocrx_word' id='word_1_433' title='bbox 726 4634 795 4687; x_wconf 73' lang='lat' dir='ltr'>plat.</span> <span class='ocrx_word' id='word_1_434' title='bbox 859 4633 890 4685; x_wconf 79' lang='grc'>28</span> <span class='ocrx_word' id='word_1_435' title='bbox 907 4631 951 4699; x_wconf 85' lang='grc' dir='ltr'>ὡς]</span> <span class='ocrx_word' id='word_1_436' title='bbox 961 4637 1004 4685; x_wconf 83' lang='grc' dir='ltr'>καὶ</span> <span class='ocrx_word' id='word_1_437' title='bbox 1018 4635 1045 4684; x_wconf 91' lang='grc' dir='ltr'><strong><em>Μ</em></strong></span> <span class='ocrx_word' id='word_1_438' title='bbox 1111 4635 1141 4684; x_wconf 87' lang='grc'>33</span> <span class='ocrx_word' id='word_1_439' title='bbox 1155 4640 1198 4697; x_wconf 79' lang='grc' dir='ltr'>τῆς</span> <span class='ocrx_word' id='word_1_440' title='bbox 1211 4634 1380 4699; x_wconf 80' lang='grc' dir='ltr'>σκληρότητος</span> <span class='ocrx_word' id='word_1_441' title='bbox 1393 4632 1421 4683; x_wconf 88' lang='grc' dir='ltr'><strong><em>Μ</em></strong></span> 
     </span>
    </p>
   </div>
   <div class='ocr_carea' id='block_1_8' title="bbox 0 0 1575 5506">
    <p class='ocr_par' dir='ltr' id='par_1_15' title="bbox 0 0 1575 5506">
     <span class='ocr_line' id='line_1_41' title="bbox 0 0 1575 5506; baseline 0 0"><span class='ocrx_word' id='word_1_442' title='bbox 0 0 1575 5506; x_wconf 95' lang='lat' dir='ltr'> </span> 
     </span>
    </p>
   </div>
  </div>
 </body>
</html>
