3120 5506
370 415 425 467 ΕΙΣ
446 418 507 468 ΤΟΝ
529 418 705 469 ΠΛΑΤΩΝΟΣ
728 419 871 471 ΦΑΙΔΡΟΝ
893 422 1015 473 ΣΧΟΛΙΑ
1213 435 1258 494 197

25 581 118 631 Μῦν·
136 573 247 653 γοάοης.
265 575 351 632 -Τὸ
367 573 395 633 δέ
409 574 648 658 διαθερμήνας,
668 578 672 656 Ι
692 577 811 635 τουτέστι
825 586 910 636 πᾶσαν
923 582 1015 662 ψυχὴν
1030 579 1071 637 διά
1085 589 1133 653 τῆς
1146 585 1259 658 μνήμης

134 670 289 752 ἀναγαγών·
306 673 415 752 Βέρμην
428 674 479 753 γάρ
492 674 569 733 καλεῖ
582 678 633 746 τὴν
649 668 790 755 άναγωγδν
806 674 931 752 δύναμιν.
946 713 985 722 -
999 681 1053 749 Τὴν
1069 678 1098 735 δέ
1112 680 1259 756 ἀνάμνησιν

135 768 285 842 αἴσθησιν
305 768 432 829 ἐκάλεσεν
447 771 538 844 ἐπειδὴ
553 774 599 830 καί
615 777 632 846 ἡ
650 772 775 847 αίσθησις
791 773 849 855 ἐχει
863 777 894 832 τὸ
909 777 1069 855 γνωστικὸν,
1086 780 1130 835 καί
1145 776 1257 855 δύναμίς

134 869 234 940 ἐστινὴ
252 868 378 941 αίσθησις
393 873 528 947 γνωστική
534 919 540 932 ,

88 1029 103 1076 5
175 1021 223 1078 νε’.
250 1020 486 1099 Γαργαλισμοῦ
508 1019 553 1101 τε]
577 1022 635 1079 253
658 1021 695 1081 Ε.

173 1162 313 1222 Τουτέστιν
332 1163 398 1220 ὅταν
416 1160 528 1244 ,ἄρξηται
547 1168 674 1222 κινεῖσθαι
690 1168 735 1222 καί
752 1164 814 1246 ἐράν
832 1171 879 1223 τοῦ
897 1165 1052 1225 αθτοκάλου
1065 1169 1109 1224 καὶ
1123 1174 1178 1225 τῶν
1194 1192 1256 1241 νοη-

134 1265 188 1317 τῶν
208 1258 297 1316 είδῶν·
321 1261 352 1316 οὐ
374 1261 423 1341 γὰρ
443 1260 484 1319 δεῖ
503 1263 540 1326 είς
559 1263 645 1325 πάθος
664 1264 790 1341 κατάγειν
806 1264 852 1320 τὸν
872 1263 997 1343 ἡνίοχον.
1019 1300 1058 1310 -
1076 1267 1110 1322 Tb
1126 1265 1154 1326 δέ
1168 1268 1183 1323 ὃ
1199 1267 1258 1341 μὲν

135 1357 301 1430 εὐπειθής·
323 1355 438 1433 είπομεν
453 1358 505 1431 ἤδη
523 1360 562 1416 ὅτι
579 1361 638 1439 περὶ
654 1361 798 1435 ἀμείνονος
814 1362 1003 1426 καταστάσεως
1018 1364 1063 1419 καί
1077 1352 1177 1442 ἐρωτος
1196 1363 1258 1441 βοθ-

134 1455 212 1513 λεται
233 1453 425 1537 διαλεχθῆναι.
449 1458 591 1530 Εὐπειθῆ
611 1457 639 1515 δέ
662 1459 733 1536 λέγει
751 1460 797 1515 τὸν
816 1460 918 1534 Ξιυμθν·
939 1462 1018 1526 οὗτος
1037 1461 1087 1542 γάρ
1102 1459 1195 1518 ’ἐπεται
1215 1461 1257 1518 ἐπὶ

70 1571 102 1623 10
132 1556 181 1626 τὴν
195 1552 251 1611 ἀνω
266 1555 332 1613 Ξέαν
351 1556 502 1635 πρόθυμος,
520 1558 534 1613 ὁ
550 1554 579 1613 δέ
592 1554 683 1636 ἐτερος
700 1556 802 1631 μᾶλλον
822 1556 950 1635 βούλεται
963 1557 1106 1617 καθέλκειν
1123 1560 1197 1618 κάτω
1211 1561 1257 1616 καί

132 1660 338 1733 γενεσιουργεῖν.
351 1687 390 1699 —-
404 1657 439 1711 Τὸ
454 1654 482 1714 δέ
497 1657 540 1730 μὴ
557 1653 717 1728 ἐπιπηδᾶν
732 1663 773 1735 τῷ
789 1657 957 1737 ἐρωμένῳ,
974 1658 1095 1716 τουτέστι
1109 1661 1147 1734 μὴ
1160 1681 1257 1738 προσο-

135 1749 248 1827 μιλῆσαι
260 1757 295 1828 τῇ
310 1753 422 1830 γενέσει,
439 1754 507 1810 κατά
523 1752 551 1810 δέ
567 1755 597 1810 τὸ
613 1754 776 1835 φαινόμενον
795 1755 833 1830 μή
850 1755 889 1818 είς
906 1753 1006 1832 λόγους
1022 1755 1112 1814 ἐλθεῖν
1131 1762 1170 1831 τῷ
1191 1757 1258 1836 ἐρω-

136 1849 220 1925 μένῳ.

67 1992 68 1995 “
174 1999 225 2066 νς’.
251 1999 284 2057 Ὃ
306 1998 339 2057 δέ
361 2000 436 2059 οὔτε
457 2003 610 2083 κέντρων]
633 2003 693 2062 254
714 2002 751 2063 A.

71 2165 101 2214 15
174 2138 202 2196 ‘0
218 2138 246 2196 δέ
258 2138 348 2221 ἐτερος
362 2143 376 2198 ὁ
390 2142 478 2221 ῥέπων
490 2141 533 2198 ἐπὶ
547 2145 597 2214 τήν
613 2144 714 2222 γένεσιν
731 2144 912 2223 ἀναγκάζει
931 2145 1112 2224 προσομιλεῖν
1126 2131 1183 2210 τοῖς
1197 2167 1258 2201 παι-

134 2236 218 2302 δικοῖς
233 2241 279 2296 καὶ
295 2239 503 2319 προσάπτεσθαι,
520 2242 566 2298 άτε
586 2239 618 2313 δη
639 2242 756 2313 ἀνήκοος
776 2241 814 2298 ὢν
834 2248 882 2299 τοῦ
902 2241 998 2322 λόγου.
1014 2245 1048 2299 Τὸ
1068 2244 1119 2323 γάρ
1141 2250 1257 2320 μνεῖαν

133 2341 385 2410 <ποιεῖσθαι>
403 2347 454 2410 τῆς
475 2345 535 2396 τῶν
556 2336 759 2421 ἀφροδισίων
777 2341 1010 2421 <χάριτος>,
1031 2347 1110 2398 τοῦτο
1133 2338 1188 2399 ἐστι
1209 2350 1258 2413 τῆς

134 2437 325 2515 γενεσιουργοά
341 2436 482 2512 ἐπιθυμίας
498 2438 538 2502 είς
553 2438 703 2513 ἀνάμνησιν
719 2437 789 2518 άγει.

173 2591 223 2659 νζᾌ
246 2592 294 2648 Τὼ
315 2589 347 2649 δέ
368 2591 439 2650 κατ’
461 2593 561 2676 ἀρχάς
585 2594 653 2672 μέν]
676 2594 735 2654 254
757 2595 794 2653 A.

70 2761 102 2812 ρο
172 2737 311 2794 Τουτέστιν
325 2738 340 2794 ὀ
353 2737 468 2818 ἡνίοχος
483 2739 527 2793 καὶ
542 2739 556 2794 ὁ
570 2737 654 2803 ίππος
670 2740 684 2795 ὁ
699 2737 727 2794 ἐν
741 2743 775 2814 τῇ
790 2738 914 2813 ἀμείνονι
927 2739 1026 2799 στάσει,
1042 2772 1081 2782 -
1092 2739 1126 2794 Τὸ
1139 2736 1167 2795 δέ
1179 2737 1257 2794 ὅταν

134 2833 236 2910 μηδὲν
251 2835 270 2911 ᾗ
284 2836 386 2914 πέρας
401 2841 515 2893 κακοῦ·
533 2838 667 2894 τουτέστιν
686 2836 749 2893 θ’ταν
765 2837 862 2911 μηκέτι
876 2835 1008 2909 δύνωνται
1022 2837 1163 2903 ἀντειπεῖν,
1184 2835 1257 2893 ἀλλά

134 2935 191 2989 οἷον
206 2933 333 3009 βιάσηται
349 2934 364 2989 θ
378 2941 427 3004 τῆς
443 2933 586 3008 ἐπιθυμίας
598 2933 695 3005 ἵππος,
709 2931 834 3014 ἐρχονται
850 2936 899 3010 μέν
914 2934 1030 3007 πλησίον
1044 2942 1092 2992 τοῦ
1105 2934 1255 3014 ἐρωμένου,

132 3032 176 3088 καί
198 3030 228 3087 ἐκ
248 3030 345 3089 τούτου
366 3031 514 3105 ἀνάμνησις
531 3031 632 3110 γίνεται
651 3033 744 3098 αὐτοῖς
762 3041 810 3090 τοῦ
831 3041 931 3106 νοητοῦ
953 3029 1086 3105 κάλλους,
1108 3034 1153 3089 καὶ
1177 3033 1257 3091 πάλιν

134 3129 286 3211 ἀφίστανται
300 3137 350 3200 τῆς
366 3130 432 3210 πρὸς
447 3132 494 3187 τὸν
509 3129 644 3210 ἐρώμενον
660 3133 807 3196 συνουσίας.

72 3296 102 3346 25
174 3278 229 3351 κη’.
253 3279 284 3336 Ἠ
306 3282 418 3354 μνήμη
438 3280 518 3360 πρὸς
539 3283 597 3365 τὴν
619 3288 677 3338 τοῦ
700 3278 857 3360 κάλλους]
880 3281 939 3340 254
962 3281 998 3340 Β.

175 3421 233 3478 Ἔτι
249 3422 298 3501 γὰρ
315 3423 364 3492 την
381 3425 494 3497 μνήμην
509 3417 583 3502 ἔχων
597 3427 650 3477 τῶν
666 3420 721 3478 ἐκεῖ
735 3421 876 3501 ἀφίσταται
889 3421 978 3493 πάσης
993 3430 1045 3493 τῆς
1060 3423 1199 3500 γενέσεως.
1217 3455 1256 3464 —

134 3520 395 3600 ’Δοτράπτουσαν
412 3517 441 3577 δὲ
461 3520 518 3576 ἀντί
536 3526 585 3576 τοῦ
602 3517 724 3594 ἐνδαλμα
744 3521 873 3599 φέρουσαν
889 3526 937 3576 τοῦ
954 3524 1053 3591 νοητοῦ
1067 3519 1198 3583 κάλλους.
1216 3554 1254 3563 -

163 3758 297 3823 θείπομεν
313 3756 368 3817 196,
383 3759 413 3807 11

163 3883 225 3935 'l'l'l'
241 3885 257 3934 9
272 3884 373 3948 εὐπειθῆ
387 3888 453 3950 λέγει
465 3886 508 3936 τὸν
523 3887 600 3949 θυμόν
616 3884 637 3934 C

165 4015 212 4066 Nc
232 4017 247 4067 2
264 4016 397 4081 άναγωγδν
414 4018 438 4064 Α
457 4030 463 4066 :
482 4015 617 4080 ἀναγωγὴν
633 4016 662 4066 Μ
726 4015 740 4064 θ
759 4019 873 4079 αἴσθησιν
888 4030 895 4065 2
914 4015 1023 4080 legebat
1040 4015 1124 4080 igitur
1137 4021 1166 4065 et
1183 4014 1254 4064 Her·

132 4087 202 4136 mins
214 4087 328 4150 αίσθήσει
391 4087 406 4135 5
421 4090 605 4153 γαργαλισμοῦ,
622 4105 669 4154 γαρ
685 4087 758 4137 rubr.
772 4090 796 4138 A
860 4085 875 4135 6
891 4087 1033 4146 αὑτοκαλοῦ
1050 4086 1131 4136 libri:
1150 4085 1185 4136 σί.
1199 4086 1254 4145 177,

131 4157 162 4208 21
225 4157 240 4206 7
257 4160 294 4208 δεῖ
308 4156 352 4222 είς]
369 4162 418 4208 πᾶν
432 4169 449 4206 a
463 4157 522 4216 (sed
536 4158 651 4220 pristina
665 4157 799 4220 scriptura
815 4157 976 4208 etiamnunc
995 4157 1148 4222 perspicua)
1212 4159 1254 4208 τὸν

133 4232 236 4296 ἡνίοχον
259 4241 340 4279 evan.
366 4228 394 4277 in
419 4232 442 4277 A
505 4227 521 4277 8
541 4228 602 4278 tort.
625 4231 728 4293 εἴπομεν
750 4227 786 4279 ὅτι
811 4226 858 4293 ἤδη
923 4228 953 4279 10
973 4230 1034 4280 tort.
1060 4224 1193 4296 προθύμως

135 4304 246 4365 μάλσνα
308 4299 339 4349 14
360 4299 461 4351 &rubin
479 4302 502 4349 A
566 4298 598 4350 16
613 4303 734 4365 μνείανΑ
798 4299 829 4349 17
844 4303 969 4352 ποιεῖσθαι
984 4306 1011 4351 et
1026 4299 1126 4368 χάριτος
1138 4312 1193 4350 om.
1210 4303 1254 4349 A:

132 4369 546 4432 add.M(velAsT)ePlatone
611 4369 641 4419 19
656 4370 691 4421 τὼ
707 4370 997 4439 τουπλετὸΜιιῷ
1013 4370 1083 4421 Plat.
1097 4370 1192 4420 ood.B

133 4442 261 4509 καταρχίις
278 4444 302 4490 A
366 4439 396 4490 21
414 4438 546 4505 ἀντειπεῖν]
562 4442 670 4494 ἀντιπεῖν
688 4443 738 4493 M:
755 4444 894 4493 άντιτυπεῖν
910 4446 969 4492 AS?
1031 4440 1104 4492 21-22
1121 4442 1186 4492 ἀλλὰ
1200 4444 1255 4492 δια-

133 4513 249 4577 θιάσηται
268 4515 306 4563 A⁸
368 4512 398 4562 25
420 4514 436 4575 ἡ
456 4511 531 4562 rubr.
552 4516 575 4561 A
639 4511 757 4578 κάλλους]
772 4517 880 4565 καθόλου
898 4513 950 4563 ΕΜ
1014 4512 1044 4563 27
1062 4511 1255 4580 ἀστράπτουσαί

134 4610 164 4620 -
178 4586 285 4643 κάλλους
302 4583 353 4653 hoo
369 4582 504 4634 scholium
519 4589 580 4646 post
595 4587 730 4642 συνουσίας
745 4585 794 4646 [24)
811 4584 921 4635 videtur
935 4584 1129 4649 reportandum
