3164 5512
306 441 353 492 248
688 433 828 484 εονειοι·
850 414 1045 484 σἰιοεοψοι
1103 395 1104 398 “

209 591 275 659 1196]
306 602 389 682 τέχνη
410 601 523 680 γίνεται,
542 601 604 658 όταν
625 602 669 659 καὶ
688 605 737 675 τὴν
756 601 844 659 αἰτίαν
864 599 965 676 δυνηθῇ
986 622 1027 671 τις
1043 605 1154 677 γνῶναι.
1169 598 1256 655 -Τὸ
1277 593 1306 653 δέ
1325 596 1375 659 εἰς
1395 595 1431 652 τά

306 699 430 772 τοιάδε,
446 700 591 779 πράγματα
605 699 738 772 δηλονότι.

347 838 420 899 σλαῖ.
445 845 498 896 Δεῖ
520 838 555 922 δὴ
578 839 691 922 ταῦτα]
715 842 770 900 271
796 839 834 897 D.

349 981 417 1030 Ποῖα
438 974 525 1052 λέγει;
545 975 643 1057 σχεδὸν
660 978 727 1033 έπτά
744 979 803 1035 τινά
822 978 893 1035 ἐστιν
912 979 928 1034 ά
951 977 1033 1056 λέγει·
1054 984 1162 1057 πρῶτον
1179 977 1227 1052 μἐν
1241 979 1271 1033 τὸ
1289 976 1388 1034 εἰδέναι
1403 977 1432 1032 τό

248 1071 275 1153 ,5
307 1071 404 1143 ἀληθὲς
424 1075 468 1134 καὶ
489 1075 519 1130 τό
542 1074 648 1148 ψεῦδος,
670 1076 727 1133 εἶτα
748 1078 778 1132 τό
802 1075 969 1163 διαιρετικόν,
993 1074 1083 1133 έπειτα
1105 1077 1134 1132 τὸ
1156 1078 1301 1156 όριστικὸν,
1325 1076 1386 1133 εἶτα
1403 1075 1433 1132 τὸ

308 1171 487 1246 ὑποκείμενον
504 1174 636 1252 (τουτέστι
652 1179 744 1255 ψυχῆς
758 1176 835 1258 φύσιν
852 1174 981 1247 κατιδεῖν,
997 1175 1111 1254 πότερον
1127 1173 1228 1231 ἁπλοῦν
1244 1175 1261 1244 ἢ
1279 1174 1432 1251 σύνθετον),

308 1266 400 1327 έπειτα
415 1273 448 1327 τά
466 1278 518 1328 τῶν
536 1269 628 1350 λόγων
648 1270 712 1345 εἷ’δη
726 1271 855 1346 κατιδεῖν,
872 1275 929 1330 εἰτα
945 1273 1060 1352 ἁρμόσαι
1077 1272 1167 1337 ποίοις
1186 1274 1279 1351 μέρεσι
1295 1274 1340 1328 καῖ
1357 1270 1435 1342 ήθεσι

203 1380 292 1431 [⁰86v0
309 1372 401 1449 ψυχῆς
416 1375 490 1426 ποῖοι
506 1369 585 1448 λόγοι
604 1371 608 1448 Ι
627 1372 799 1450 άρμόζουσιν,
817 1372 859 1428 έπί
874 1379 939 1429 πᾶσι
953 1371 981 1428 δέ
994 1372 1025 1427 τὸ
1041 1369 1138 1428 εἰδέναι
1150 1372 1197 1427 τόν
1211 1370 1318 1450 καιρόν.
1333 1405 1374 1413 -
1391 1371 1434 1425 Διό

310 1466 359 1525 δεῖ
375 1474 475 1524 ταῦτα
490 1470 611 1533 ἰκανῶς
632 1473 798 1541 νοήσαντα
816 1472 860 1527 καί
878 1469 937 1527 καθ’
957 1470 1051 1527 ἑαυτὸν
1069 1468 1240 1544 διελόμενον,
1258 1468 1343 1547 ἤγουν
1363 1469 1436 1547 παρὰ

247 1579 277 1628 10
308 1570 345 1642 τῷ
365 1562 520 1640 διδασκάλῳ
540 1565 567 1622 έν
582 1572 623 1644 ,τῷ
639 1564 712 1645 ἔργῳ
731 1567 811 1624 αὐτοῦ
830 1569 874 1623 καί
893 1573 927 1643 τῇ
943 1569 1050 1647 χρήσει,
1067 1566 1260 1644 ἐπιγινώσκειν·
1279 1564 1382 1631 ὀξέως
1397 1569 1435 1640 τῇ

311 1663 475 1734 αἰσθήσει,
493 1663 533 1719 ότι
547 1670 628 1721 ταῦτα
642 1667 677 1735 ἦν
692 1666 709 1735 ἢ
726 1666 817 1723 ἐκεῖνα
831 1668 942 1744 περὶιῖιν
959 1665 1123 1739 ἐποιούμεθα
1138 1664 1201 1729 τοὺς
1217 1662 1317 1742 λόγους
1334 1663 1362 1720 ἐν
1378 1669 1436 1726 τοῖς

312 1757 438 1839 βιόλίοις.
455 1797 494 1806 -
508 1761 544 1818 Ἢ
567 1762 668 1837 μηδὲν
690 1762 811 1821 εἰδέναι
832 1787 880 1821 πω
901 1763 1011 1840 πλέον,
1032 1764 1166 1820 τουτέστιν
1181 1756 1245 1845 άχρι
1257 1761 1352 1842 λόγων
1368 1762 1438 1818 ἐστὶν

311 1860 382 1938 αὐτῷ
397 1866 479 1945 ταῦτα
494 1863 533 1935 μή
546 1857 729 1940 προσλαύόντι
743 1865 794 1933 τήν
806 1870 910 1943 πεῖραν,
924 1864 970 1919 καὶ
983 1863 1070 1938 μάτην
1082 1862 1196 1935 <άν>
1207 1860 1249 1933 εἰη
1266 1861 1398 1932 ἀκηκοὼς
1414 1861 1438 1917 εἰ

313 1962 351 2034 μή
367 1959 527 2040 προσρόρως
546 1963 676 2040 χρήσεται
692 1961 782 2027 αὐτοῖς
798 1961 825 2018 έν
841 1968 879 2039 τῷ
894 1962 1044 2041 πράγματι.
1059 1961 1145 2017 -Τὸ
1166 1957 1194 2017 δὲ
1216 1955 1330 2025 ξυνών·
1350 1958 1439 2015 λείπει

250 2082 280 2132 15
314 2082 332 2139 αι
346 2064 385 2132 τῷ
400 2056 555 2133 διδασκάλῳ
572 2083 599 2118 ι).
612 2093 650 2103 -
661 2046 774 2126 Ὀξέως
787 2066 824 2136 τῇ
841 2061 1003 2130 αἰσθήσει·
1020 2061 1058 2123 ὡς
1074 2059 1126 2116 άπὸ
1141 2058 1261 2137 ἀγγέλου
1278 2067 1328 2128 τῆς
1346 2059 1438 2130 αἰσθή·

313 2177 381 2214 σεωι
399 2154 526 2234 βούλεταί
539 2178 598 2220 πως
615 2155 791 2230 διανοητικῖυς
807 2156 965 2237 ἀγγέλλειν.

354 2295 423 2359 σλό’.
447 2299 718 2379 Παραγινόμενόν
739 2272 784 2379 τε]
807 2301 864 2358 271
888 2298 925 2358 Ε.

356 2429 397 2487 Ἐν
414 2437 451 2511 τῷ
472 2430 636 2511 δικαστηρίῳ
652 2432 670 2503 ἢ
686 2432 778 2507 δήμῳ·
802 2430 882 2496 εἰδὼς
901 2431 946 2489 ούν
961 2429 1060 2488 έκαστα
1079 2436 1133 2487 τῶν
1152 2430 1305 2506 εἰρημένων
1323 2430 1371 2484 καῖ
1390 2429 1442 2497 τήν

315 2531 392 2612 φύσιν
406 2539 455 2602 τῆς
469 2534 560 2612 ψυχῆς
574 2537 627 2587 τῶν
641 2531 794 2588 ἀκουόντων
807 2533 852 2586 καὶ
866 2536 919 2587 τῶν
936 2528 1036 2608 λόγων,
1052 2530 1113 2586 τότε
1131 2528 1197 2608 πρὸς
1215 2529 1261 2584 τόν
1282 2528 1443 2607 ἁρμόζοντα

252 2653 283 2703 20
314 2631 406 2709 καιρὸν
427 2630 557 2710 κέχρηται
579 2635 635 2693 τοῖς
656 2629 826 2709 κεφαλαίοις,
852 2629 919 2686 όπου
942 2629 990 2703 μὲν
1012 2627 1291 2705 έλεεινολογούμενος,
1319 2626 1390 2681 ὅπου
1414 2624 1443 2681 δὲ

316 2728 439 2786 δεινώσει
451 2727 606 2808 χρώμενος,
622 2729 666 2784 καί
682 2735 738 2793 τοῖς
752 2726 842 2793 ἄλλοις
857 2734 937 2784 πᾶσιν
952 2728 998 2784 ὅτε
1014 2725 1057 2784 δεῖ
1072 2729 1118 2786 καὶ
1132 2729 1173 2790 οἷς
1190 2723 1230 2783 δεῖ
1247 2727 1292 2782 καὶ
1307 2724 1372 2780 ὅσον
1389 2721 1441 2783 δεῖ.

356 2869 426 2950 σλγ’.
450 2870 478 2926 ‘0
501 2872 544 2946 μὴ
568 2871 768 2945 πειθόμενος
789 2868 916 2950 κρατεῖ]
938 2870 996 2927 272
1020 2868 1056 2926 Β.
1111 2848 1112 2852 ¹

356 3015 421 3072 Τοῖς
435 3007 507 3087 παρὰ
522 3008 555 3063 τά
569 3008 698 3086 εἰρημένα
712 3010 761 3078 τὴν
775 3007 919 3087 ῥητορικήν
933 3005 1058 3085 λέγουσιν
1071 3006 1138 3064 εἰναι
1153 3006 1260 3112 τέχηγν,
1278 3006 1293 3060 ὁ
1311 3005 1355 3079 μὴ
1373 3025 1445 3059 πει-

318 3108 458 3182 θόμενος
475 3106 558 3177 αὐτὴν
574 3106 642 3164 εἶναι
656 3107 766 3188 τέχνην,
784 3107 820 3170 ὡς
835 3106 901 3185 ἐγὼ,
918 3113 1041 3183 κρατεῖ·
1060 3106 1083 3162 εἰ
1102 3106 1139 3180 μὴ
1156 3125 1207 3183 γαρ
1227 3101 1288 3183 ἔχει
1307 3102 1399 3159 πάντα
1413 3102 1446 3158 τά

255 3225 286 3275 25
320 3203 459 3284 εἰρημένα,
474 3203 523 3260 οὐκ
537 3202 591 3260 ἔστι
605 3205 689 3285 τέχνη
705 3204 770 3262 ἀλλ’
783 3203 898 3285 άτεχνος
911 3197 1001 3283 τριθή.

359 3344 427 3407 αλδ.
450 3346 571 3403 Τούτου
592 3369 643 3403 τοι
663 3344 771 3428 ἕνεκα]
794 3347 851 3406 272
874 3345 911 3404 Β.

361 3477 468 3550 Ἐπειδὴ
488 3476 562 3551 ἐδοξε
581 3479 625 3536 διά
645 3481 821 3560 μακροτέρων
835 3479 925 3560 λόγων
944 3478 1074 3537 διδάσκειν
1093 3480 1125 3535 τά
1144 3478 1287 3557 εἰρημένα,
1305 3475 1349 3535 διά
1364 3477 1448 3534 τοῦτό

320 3603 400 3662 ρησιν
419 3579 460 3635 ότι
475 3578 500 3635 εἰ
521 3580 570 3654 μέν
590 3576 697 3635 δύναταί
716 3601 754 3643 τις
772 3579 815 3636 διά
832 3579 1005 3660 βραχυτέρων
1024 3579 1069 3635 καὶ
1085 3575 1293 3658 συντομωτέρων
1308 3574 1402 3654 λόγων
1417 3576 1451 3632 τά

321 3678 450 3759 εἰρημένα
465 3675 642 3757 παραδοῦναι,
663 3677 691 3734 εύ
711 3677 742 3734 δν
762 3675 831 3759 ἐ’χοι·
855 3680 877 3734 εἰ
896 3676 924 3734 δέ
944 3679 982 3752 μὴ
1000 3675 1106 3734 δύναται
1125 3674 1212 3738 άλλως
1227 3675 1245 3744 ἢ
1260 3674 1360 3750 ταύτῃ,
1379 3673 1452 3731 ἰτέον

260 3797 290 3846 30
321 3779 366 3834 καὶ
387 3777 436 3833 οὐκ
454 3775 616 3849 ἀποστατέον
635 3785 684 3848 τῆς
707 3776 871 3856 μακροτέρας
892 3774 967 3835 ὁδοῦ.
988 3776 1111 3833 Τούτου
1124 3796 1175 3830 τοι
1195 3772 1304 3830 ἐ’νεκα·
1326 3773 1452 3829 τουτέστι

321 3883 370 3933 τοῦ
385 3874 504 3946 ἀληθοῦς
517 3877 562 3931 καὶ
574 3884 624 3946 τῆς
642 3871 781 3955 άκριύείας
798 3876 889 3956 χάριν·
911 3875 1057 3953 ἀναγκαῖον
1075 3874 1176 3935 πάντας
1195 3871 1257 3935 τοὺς
1274 3870 1377 3948 λόγους
1401 3893 1451 3946 με·

324 3973 477 4054 ταστρέῳειν
489 3975 534 4029 καὶ
550 3976 640 4045 ζητεῖν
655 3974 678 4031 εἰ
693 3971 763 4029 έστιν
779 3974 818 4038 εἰς
834 3974 864 4029 τὸ
879 3973 941 4029 αὐτὸ
955 3972 1034 4037 τέλος
1049 3970 1092 4028 διά
1109 3971 1283 4051 βραχυτέρων
1300 3972 1346 4025 καὶ
1368 3968 1452 4027 ἐλατ-

324 4073 409 4129 τόνων
425 4069 515 4150 λόγων
530 4070 631 4129 ἐλθεῖν·
645 4072 724 4151 άρετὴ
739 4071 790 4151 γάρ
806 4069 888 4149 λόγου
904 4070 1002 4141 έστίνὴ
1019 4071 1162 4144 συντομία.

357 4247 725 4312 N01e1;]ecplat.ood.ss
790 4247 980 4297 θδεῖιιιίιτ.Α
1044 4243 1268 4308 4έστιν]εἰσινΜ
1334 4243 1457 4310 7ἁρμό-

326 4340 369 4373 σαι
388 4334 422 4372 ex
443 4323 594 4386 άρμόζουσιν
614 4319 722 4368 videtur
737 4322 841 4377 ortum3
859 4317 912 4366 suit
928 4318 986 4369 tere
1006 4319 1095 4368 εἰδέναι
1158 4317 1173 4365 8
1190 4315 1263 4379 πᾶσι]
1283 4323 1377 4366 πασῶν
1400 4316 1457 4365 ΜΕ

389 4390 419 4440 12
435 4388 450 4453 ἢ
467 4390 541 4453 μηδὲν
556 4387 656 4453 εἰδέναι]
670 4389 685 4452 ἢ
700 4387 762 4452 μὴδέ
776 4390 866 4439 εἰδέναι
883 4389 952 4437 Plan.
971 4388 1064 4437 cod.'1'
1079 4401 1084 4435 :
1100 4387 1115 4451 ἢ
1132 4387 1206 4451 μηδὲν
1221 4383 1285 4436 εἰναι
1301 4384 1432 4435 Galenus
1449 4401 1456 4435 :

327 4465 348 4513 εἰ
365 4462 398 4526 μὴ
411 4463 501 4511 εἰδέναι
514 4461 582 4510 Plau.
596 4460 693 4511 cod.B
757 4460 787 4510 13
806 4460 835 4511 διν
847 4459 938 4508 addidi
1003 4461 1031 4508 15
1048 4456 1252 4523 τοῦάγγέλουΜ
1320 4455 1349 4506 17
1368 4476 1457 4524 παρα·

328 4537 467 4598 γινόμενον,
483 4533 696 4599 παραγιτιιίπ.Α
761 4529 1030 4597 τε]θέΡ1αθ.οοά.Β
1093 4530 1124 4580 22
1141 4529 1276 4580 hrubm
1342 4526 1457 4580 2510&-

329 4604 534 4665 τον,τῐυ1)ι·.Α
598 4604 628 4654 32
645 4603 689 4668 εἰς]
702 4604 807 4670 πρδςΜ
