3164 5512
251 434 297 486 ιιι
533 414 536 418 ‘
638 426 779 478 τουτων
797 425 994 475 ψιιοτοοοι·

153 590 219 656 [190]
251 591 424 672 διαιρετικην·
440 599 520 651 τοῦτο
535 592 564 651 δέ
579 594 624 652 καὶ
640 594 667 651 ἐν
682 590 824 669 Φιλῆόῳ
837 595 883 652 καὶ
901 593 928 650 ἐν
944 592 1110 670 Πολιτικῷ
1124 598 1211 664 ποιεῖ,
1227 590 1318 669 λέγων
1334 589 1375 648 δτι

250 690 339 770 δῶρον
358 691 388 748 έκ
406 698 479 752 θεῶν
500 693 539 758 εἷς
559 693 716 773 ἀνθρώπους
734 691 778 750 διά
797 691 965 772 Προμηθέως
984 689 1063 763 έδόθη
1079 694 1097 762 ῆ
1114 688 1272 776 διαιρετικὴ,
1287 689 1334 745 καὶ
1349 688 1376 745 έν

151 804 155 812 ’
254 795 399 870 Σοφιστῇ
413 788 441 849 δὲ
457 791 473 846 ἀ
480 786 738 872 μφιόληστρικῆι
758 792 864 870 όργάνῳ
879 789 1018 859 ἀπεικάζει
1029 787 1124 860 αὐτήν.
1142 788 1178 844 Οό
1193 788 1246 868 γάρ
1263 786 1394 846 δυνατὸν

252 887 285 968 έχ
287 910 326 945 ειν
340 888 433 960 ἐπιστῆ
438 911 494 963 μην
508 889 672 968 πραγμάτιον
688 888 749 950 ἀνευ
763 898 814 961 τῆς
831 887 997 968 διαιρέσεως.

206 1046 220 1094 5
292 1042 367 1123 ρπη’,
392 1043 444 1112 Εἷς
464 1044 496 1100 ’ἐν
517 1043 571 1099 καὶ
593 1043 643 1100 έπὶ
663 1041 780 1125 πολλά]
803 1041 862 1100 266
884 1042 921 1100 Β.

291 1183 414 1262 Τομτέστι
431 1208 445 1238 ιι
459 1185 505 1241 τὸν
518 1181 668 1258 δυνάμενον
680 1185 729 1255 τῆν
740 1183 818 1264 φύσιν
830 1188 887 1239 τῶν
897 1158 1066 1264 πραγμάτων
1080 1178 1200 1239 κατιδεῖν
1214 1178 1375 1256 μεταδιώκω

253 1281 291 1344 ὡς
313 1280 389 1340 θεόν.
406 1304 420 1335 »
444 1279 680 1344 Διαλεκτικοθς
700 1278 730 1339 δέ
750 1280 831 1339 καλεῖ
852 1279 883 1337 οδ
905 1279 969 1344 τοὺς
991 1277 1098 1343 εἰδότας
1122 1279 1202 1354 μόνον
1222 1278 1286 1341 τοθς
1310 1277 1376 1355 περὶ

251 1382 326 1454 ἡμᾶς
347 1378 458 1457 λόγους,
474 1377 548 1436 ἀλλά
565 1379 627 1444 τοὺς
641 1377 801 1453 δυναμένους
816 1379 849 1435 τά
863 1379 949 1451 νοητά
963 1375 1026 1450 εἴδη
1043 1378 1081 1441 εἷς
1094 1375 1187 1434 πολλὰ
1202 1374 1313 1455 διαιρεῖν
1328 1375 1376 1432 καὶ

254 1478 290 1543 εἷς
302 1478 331 1535 ἓν
345 1477 461 1555 ἀνάγειν,
476 1478 596 1535 τουτέστι
608 1477 672 1543 τοὺς
688 1479 737 1548 τῆν
751 1482 807 1533 τῶν
822 1475 902 1539 ἰδεῶν
917 1475 1032 1548 έκάοτην
1048 1473 1239 1555 διακρίνοντας.

189 1629 221 1680 10
294 1627 364 1708 ρπθ’.
387 1633 488 1685 Τανῡν
509 1626 542 1685 δέ
562 1629 647 1709 παρὰ
668 1634 724 1686 σοῦ
745 1628 791 1711 τε]
813 1629 872 1687 266
894 1627 930 1688 C.

241 1767 243 1771 ¹
294 1770 444 1851 Πληρώσας
459 1772 493 1829 τά
507 1773 568 1851 περὶ
581 1780 630 1843 τῆς
639 1770 758 1845 ἀληθοῦς
772 1767 930 1853 ῥητορικῆς,
946 1769 1043 1848 μέλλει
1056 1768 1211 1830 εέσδάλλειν
1226 1771 1266 1834 εἷς
1279 1770 1312 1827 τά
1327 1776 1378 1841 τῆς

253 1867 411 1946 δημώδους,
432 1871 476 1927 καὶ
495 1869 599 1949 ἰστορέα
620 1870 760 1946 ὀνομάτων
779 1873 825 1927 καὶ
844 1870 1044 1950 καταρέθμησές
1067 1870 1122 1927 έστι
1140 1875 1196 1926 τῶν
1217 1867 1377 1948 λεγομένων

253 1966 472 2049 κεφαλαέωητῆς
485 1968 632 2047 ῥητορικῆς
651 1971 683 2025 τὰ
698 1965 759 2040 έξῆς
774 1969 921 2048 λεγόμενα.
940 1969 1011 2027 Πετά
1026 1967 1055 2025 δέ
1069 1974 1152 2026 ταῦτα
1166 1965 1378 2045 πάλιν.6στερον

253 2074 302 2138 τῆς
321 2064 453 2138 ἀληθινῆς
471 2066 617 2145 ῥητορικῆς
633 2066 779 2143 μέμνηται,
797 2069 968 2148 πανταχόθεν
983 2063 1069 2134 δεῖξαι
1081 2069 1112 2124 τὸ
1126 2067 1225 2146 κράτος
1238 2075 1291 2137 τῆς
1306 2062 1379 2136 ἀλη-

192 2164 223 2215 15
255 2166 317 2228 θοῦς
328 2163 473 2244 ῥητορικῆς
486 2163 662 2241 βουλόμενος.
676 2171 729 2221 Νῦν
741 2164 789 2222 οὖν
802 2165 888 2245 ἐρωτᾷ
902 2165 933 2222 τί
947 2168 1011 2247 χρὴ
1027 2165 1141 2223 καλεῖν
1155 2165 1205 2233 τὴν
1216 2164 1376 2242 ῥητορικήν·

256 2264 294 2337 μῆ
310 2260 361 2342 ἀρα
376 2261 403 2318 έν
415 2263 503 2337 τοότῳ
517 2263 589 2320 πάσά
603 2263 674 2320 ἐστιν
688 2267 706 2335 ἡ
718 2264 803 2345 τέχνη
816 2271 866 2335 τῆς
878 2264 1025 2344 ῥητορικῆς
1037 2263 1064 2321 έν
1076 2268 1113 2342 τῷ
1126 2262 1273 2320 ἐκτίθεσθαι
1284 2261 1379 2342 προοδ-

256 2382 315 2437 μια,
332 2358 473 2439 διηγήσεις
488 2363 533 2418 καὶ
547 2362 634 2418 πάντα
649 2362 666 2418 ἀ
679 2365 897 2442 καταριθμεῖται;

295 2513 350 2594 pls.
376 2516 476 2596 Σοφοὶ
498 2515 556 2591 μέν
578 2513 689 2598 αὖτοέ]
711 2514 770 2574 266
792 2515 829 2575 C.

296 2647 400 2727 Σοφοδς
417 2646 497 2705 καλεῖ
515 2647 533 2718 ῆ
554 2646 583 2703 ἐν
602 2645 708 2724 ἤθει,ῆ
729 2649 768 2712 ὡς
786 2648 846 2726 περὶ
867 2646 967 2726 λόγους
986 2645 1100 2728 ἔχοντας
1114 2647 1160 2703 καὶ
1177 2645 1380 2726 ἐκπεφευγότας

192 2751 225 2803 20
255 2745 303 2811 τάς
321 2745 469 2823 βαναύσους
482 2747 593 2826 τέχνας,
611 2745 628 2816 ῆ
645 2746 684 2811 ὡς
699 2745 884 2820 έπιστῆμονοις
898 2747 1012 2827 τέχνης.
1029 2745 1116 2802 -Τὸ
1130 2743 1158 2801 δὲ
1172 2742 1381 2825 δωροφορεῖν

229 2838 398 2901 “·δια6ἀλλει
422 2843 560 2901 αὐτῶντὸ
583 2837 807 2924 φιλοχρήματον,
833 2843 874 2900 ότι
895 2845 943 2908 τάς
968 2838 1113 2910 έπεδεέξεις
1135 2847 1190 2898 τῶν
1214 2841 1307 2920 λόγων
1330 2840 1382 2897 οὐκ

256 2941 392 3025 ὠφελείας
411 2948 467 2999 τῖον
486 2941 554 2999 νέων
569 2939 631 2999 οὐδέ
645 2951 696 3014 τῆς
709 2940 843 3012 ἀληθείας
857 2939 948 3014 ένεκα,
964 2940 1030 2998 ἀλλά
1044 2942 1196 3023 χρημάτων
1210 2940 1381 3018 ποιοῦνταιι

151 3082 242 3150 vm·
298 3090 370 3172 ρέα.
393 3091 568 3148 Βασιλικοὶ
592 3092 650 3166 μέν
672 3089 798 3171 ἀνδρες]
822 3091 881 3149 266
903 3089 938 3150 C.

296 3233 333 3289 ”fl
353 3232 395 3289 ότι
416 3235 442 3290 οὶ
464 3230 546 3290 ἄλλοι
565 3233 666 3298 πάντες
687 3232 829 3316 ἐπέχουσιν
850 3235 951 3291 έαυτῶν
971 3232 1005 3290 τά
1024 3231 1092 3305 ὦτα,
1109 3231 1145 3288 ’ἀν’
1166 3231 1301 3289 ἀκούσωσι
1322 3235 1382 3287 τῶν

194 3333 224 3383 25
257 3329 393 3409 ῥητόρων,
409 3332 427 3402 ῆ
440 3332 478 3395 ὡς
494 3330 605 3411 ἀγοντες
618 3333 665 3388 καὶ
681 3331 805 3412 φέροντες
820 3332 866 3388 τὸν
881 3330 971 3407 δῆμον
986 3333 1030 3387 καὶ
1044 3331 1077 3388 τά
1090 3339 1143 3402 τῆς
1157 3327 1275 3392 πόλεως.
1293 3362 1333 3372 -
1345 3329 1383 3385 Τὸ

258 3426 288 3484 δὲ
301 3428 516 3504 ἐπιστήμονές
530 3452 567 3510 γε
581 3432 624 3487 ὧν
640 3430 774 3509 ἐρωτᾷς·
787 3439 841 3502 ,τῆς
852 3429 1024 3502 διαλεκτικῆς
1039 3428 1121 3507 λέγει.
1136 3429 1170 3485 Τὸ
1183 3426 1212 3485 δέ
1224 3432 1304 3483 τοῦτο
1318 3425 1381 3500 μέν·

259 3550 273 3583 ιι
288 3527 322 3582 τά
342 3526 392 3607 γάρ
416 3527 555 3607 εἰρημένα,
578 3528 654 3608 φησὶ,
676 3528 707 3585 τδ
729 3528 874 3607 δριστικδν,
895 3527 925 3584 τδ
948 3525 1118 3606 διαιρετικὸν,
1140 3525 1171 3581 τὸ
1193 3523 1307 3596 ἀληθές,
1331 3523 1384 3580 οὐκ

259 3624 323 3680 εῐσὶν
337 3623 394 3682 έδια
407 3634 459 3698 τῆς
476 3624 634 3705 ῥητορικῆς,
654 3624 722 3683 ἀλλὰ
740 3633 790 3697 τῆς
812 3623 989 3697 διαλεκτικῆς·
1012 3623 1053 3682 διδ
1073 3624 1122 3681 οὐκ
1143 3621 1258 3697 εἷ’πομέν
1277 3644 1301 3678 τι
1319 3624 1384 3702 περὶ

257 3722 413 3803 ῥητορικῆς,
434 3746 448 3779 ιι

289 3903 302 3951 l
320 3901 394 3953 Phil,
409 3902 440 3952 16
455 3902 476 3952 C
540 3902 667 3971 Πολιτικῷ
682 3900 748 3963 (vid.
762 3901 820 3964 Nc)
838 3901 900 3952 tort.
916 3901 994 3951 mc
1058 3900 1072 3949 θ
1089 3898 1175 3964 Soph.
1187 3899 1235 3951 235
1249 3897 1271 3948 Β

290 4018 337 4069 Nc
354 4020 367 4068 1
383 4020 510 4087 Πολιτικῷ
524 4018 621 4084 scripsi
631 4033 695 4070 cum
713 4019 780 4069 nihil
797 4020 831 4071 de
853 4019 1017 4070 Prometheo
1035 4018 1062 4068 in
1080 4017 1157 4068 libris
1177 4016 1210 4066 de
1226 4014 1386 4081 Republica

259 4091 412 4140 invenerim
434 4105 440 4138 z
463 4091 582 4161 Πολιτείᾳ
604 4090 665 4141 libri
728 4093 807 4154 θοῆς
827 4104 882 4141 om.
906 4090 933 4139 M
999 4091 1070 4148 ὅτις
1092 4088 1166 4139 rubr.
1187 4093 1211 4139 Α
1274 4087 1386 4138 θίδεών

260 4164 337 4209 Αοτε
353 4162 426 4211 εἰδῶν
441 4160 504 4211 libri
566 4162 597 4210 10
612 4165 696 4223 τανῦν,
711 4162 811 4212 ττιιθῐ.
827 4166 851 4211 Α
866 4162 907 4222 (τά
920 4163 964 4212 νῦν
979 4161 1005 4212 δέ
1021 4158 1089 4210 Plat.
1107 4159 1169 4209 eod.
1185 4158 1229 4209 T:
1249 4158 1280 4209 τά
1295 4157 1322 4208 δέ
1338 4161 1386 4209 νῦν

259 4232 321 4282 cod.
338 4231 370 4293 B}
434 4232 465 4282 16
480 4234 531 4284 έστι
548 4237 621 4300 πᾶσα
638 4233 668 4281 Μ
731 4232 762 4283 18
779 4236 861 4298 σοφοὶ,
878 4252 909 4283 σο
923 4231 997 4282 rubr.
1012 4235 1035 4280 Α
1101 4231 1144 4295 μέν
1160 4230 1187 4280 Μ
1204 4229 1295 4279 ΗΜΛ
1312 4228 1343 4293 μέ
1358 4233 1384 4278 Α

322 4303 352 4351 19
369 4302 429 4353 tort.
451 4303 466 4367 ἢ
488 4306 530 4355 καὶ
554 4309 588 4362 ὡς
612 4308 635 4354 Α
706 4304 737 4355 22
758 4306 830 4355 ένεκα
852 4304 916 4355 ἀλλά
936 4303 1055 4367 scripsi:
1076 4302 1142 4354 ἀλλά
1162 4303 1235 4352 ένεκα
1255 4299 1319 4349 libri

259 4373 290 4424 23
308 4377 443 4439 βασιλικοὶ,
458 4379 473 4440 β
488 4376 562 4426 rubr.
578 4379 602 4423 Α
665 4375 696 4425 25
713 4373 757 4440 ὡς]
773 4375 809 4426 ότι
823 4379 859 4424 A·
920 4375 952 4427 26
967 4375 1014 4426 οὐκ
1026 4379 1091 4424 ante
1103 4371 1265 4436 ἐπιστήμονες
1277 4368 1389 4421 addida

260 4457 377 4508 usupra
396 4458 507 4496 versum
570 4449 643 4497 τοῦτο
660 4445 712 4511 μέν]
729 4446 860 4514 ῥητορικὸν
878 4445 930 4496 ΕΜ
994 4444 1026 4494 28
1042 4446 1081 4495 διὸ
1097 4442 1155 4507 οὐκ]
1174 4443 1215 4494 διά
1231 4445 1305 4495 τοῦτο
1323 4446 1385 4493 Αῑε

261 4524 321 4578 post
333 4515 465 4582 ῥητορικῆς
479 4517 567 4579 prima
582 4529 681 4566 manus
696 4517 795 4568 iterum
813 4518 957 4581 scripserat
972 4517 1010 4568 διὸ
1028 4517 1061 4576 (δι
1076 4516 1162 4576 rubr.)
1178 4512 1224 4564 οὐκ
1241 4515 1345 4576 εἴπομέν
1360 4533 1387 4564 τι

261 4589 316 4653 περὶ
332 4604 355 4653 ρ,
370 4593 398 4636 et
414 4586 518 4639 delevit
