3150 5504
288 433 320 484 62
668 427 808 478 EPMElOl'
830 427 1028 480 ΦΙΛΟΣΟΦΟΥ

205 587 255 654 [91]
289 580 483 663 θυραμόιύδους
511 585 681 664 ἀπαγγελίας
711 587 842 664 ᾐσθάνετο
870 589 911 645 ότι
938 588 1043 670 άρξεται
1068 589 1205 647 ἑνθουσιάν
1232 593 1413 670 προιόντος

289 688 346 738 τοῦ
368 682 486 760 λόγου·
511 682 565 761 [διὸ
580 686 631 740 καί
650 682 749 742 θεῖον
768 686 870 751 πάθος
890 687 955 744 αὐτὸ
974 687 1120 761 κέκληκεν,
1137 687 1200 746 ούτε
1214 689 1297 764 μόνον
1315 687 1415 747 θεῖον

290 778 351 837 ούτε
369 781 453 855 μόνον
471 782 586 854 πάθος,
607 781 682 839 ἀλλά
698 784 728 839 τὸ
749 782 815 841 ὅλον
835 790 914 842 τοῦτο
933 782 1034 842 θεῖον
1054 786 1180 861 πάθος]
1201 786 1316 844 ἐνταῦθα
1332 785 1360 844 δὲ
1375 788 1415 845 ότι

290 877 423 952 ἐνθουσιᾷ,
449 872 540 950 ἐπειδὴ
568 905 581 934 ιι
606 876 666 953 ἔπη
695 878 759 953 ἤδη
784 883 988 962 φθέγγομαι,
1015 882 1091 939 ἀλλ’
1119 883 1232 941 ούκὲτι
1258 882 1414 965 διθυράμ-

240 980 255 1029 5
288 971 377 1042 όους.
395 1001 408 1031 ι)
426 979 518 1035 Οίκεῖα
532 976 561 1035 δὲ
576 979 609 1035 τά
623 975 674 1051 ἔπη
687 980 733 1036 καί
750 983 768 1051 ἡ
784 981 887 1038 τούτων
901 977 1039 1060 ’ἔμμετρος
1060 983 1105 1038 καὶ
1124 980 1236 1048 εύλυτος
1257 983 1413 1062 ἀπαγγελία

286 1082 326 1149 τῳ
339 1073 412 1150 θείῳ
428 1075 624 1152 ἐνθουσιασμῷ,
642 1079 733 1157 ὥοπερ
750 1082 768 1149 ί,
788 1079 885 1136 σκολιά
896 1081 941 1136 καί
956 1077 1168 1144 δυσκατάστατος
1184 1081 1340 1159 ἀπαγγελία
1355 1088 1412 1147 τοῖς

288 1170 471 1261 διθυράμόοις.
490 1177 644 1233 Παύσασθαι
659 1175 705 1233 ούν
724 1175 855 1254 βούλεται
875 1180 889 1234 6
906 1180 1066 1258 Σωκράτης,
1083 1177 1172 1257 ὥσπερ
1189 1175 1322 1253 συμόόλῳ
1336 1180 1412 1260 χρώ-

224 1305 227 1315 ·
288 1295 369 1347 μενος
390 1273 489 1353 μέτρον
508 1274 581 1348 αύτῷ
600 1274 673 1356 ἐ’χειν
691 1276 737 1332 τὸν
756 1275 840 1354 λόγον
857 1282 896 1351 τῷ
911 1271 1037 1356 ἔμμετρα
1055 1277 1127 1352 αύτῷ
1147 1275 1347 1349 ἐπεληλυθέναι
1361 1276 1411 1350 ἔπη

288 1373 382 1432 εἰπεῖν.
399 1374 449 1430 Καὶ
463 1373 514 1453 γάρ
529 1372 556 1431 ἐν
570 1379 628 1437 τοῖς
645 1373 783 1448 μαντείοις
799 1377 826 1431 οἱ
840 1374 1030 1440 ἐνθουσιῶντες
1042 1373 1166 1455 ἔμμετρα
1177 1377 1352 1456 φθέγγονται,
1366 1379 1414 1433 Ati

227 1481 256 1529 10
287 1469 314 1526 τί
332 1468 360 1526 δὲ
375 1473 389 1527 6
403 1472 551 1551 Σωκράτης
565 1478 736 1552 παραιτεῖται
754 1472 918 1530 ἐνθουσιάσαι
934 1475 980 1530 καὶ
997 1474 1115 1555 κάτοχος
1128 1473 1252 1551 γενέσθαι
1266 1481 1326 1540 ταῖς
1340 1476 1413 1551 Νύμ·

287 1587 363 1650 ραις;
379 1569 427 1641 Ἢ,
441 1570 505 1650 ὅπερ
522 1568 650 1645 εἷ’πομεν,
665 1569 757 1643 ἐπειδὴ
772 1580 821 1643 τῆς
833 1566 970 1650 γενέσεως
979 1570 1156 1650 προστάτιδὲς
1170 1573 1235 1629 εἰσιν
1248 1575 1276 1628 αί
1289 1573 1411 1654 Νύμραι,

287 1669 314 1724 αί
334 1668 382 1742 μὲν
401 1670 450 1739 τὴν
471 1667 587 1747 ἀλογίαν
606 1675 737 1746 κινοῦσαι,
761 1671 790 1727 αἳ
808 1668 837 1726 δὲ
854 1672 905 1740 τὴν
925 1672 1012 1750 φύσιν,
1030 1673 1058 1727 αἳ
1072 1668 1100 1728 δὲ
1119 1672 1152 1726 τά
1171 1671 1287 1746 σώματα
1307 1671 1412 1751 ἐπιτρο·

285 1766 426 1838 πεύουσαι,
447 1766 543 1831 Ναίδος
564 1766 593 1823 τά
613 1790 680 1831 τινες
701 1770 746 1824 καί
768 1766 948 1847 Ἁμαδρυάδας
970 1769 1016 1824 καί
1039 1766 1207 1847 Ὀρεστιάδες
1231 1767 1410 1844 καλούμεναι,

277 1866 346 1943 Ιπερὶ
366 1865 513 1943 ἀναγωγὴν
531 1865 560 1923 δὲ
580 1865 726 1933 ἐσπούδαζε
746 1871 837 1947 ψυχῆς
858 1868 872 1923 6
894 1867 1053 1946 Σωκράτης,
1071 1868 1121 1936 τὴν
1140 1868 1233 1947 ψυχὴν
1252 1869 1301 1939 τὴν
1318 1868 1412 1924 ἑαυτοῦ

225 1970 253 2018 15
286 1962 329 2019 ἀεὶ
350 1964 487 2042 περιάγων
508 1963 550 2020 ἐπὶ
569 1967 602 2020 τά
623 1967 707 2037 νοητὰ
728 1966 773 2022 καὶ
794 1963 865 2022 ἀυλα
888 1963 948 2037 εἷ’δη
970 1967 1016 2022 καί
1037 1964 1069 2021 τά
1090 1971 1146 2029 τοῖς
1163 1962 1245 2029 θεοῖς
1269 1967 1409 2040 ἡνωμένα,

286 2062 395 2128 εἰκότως
415 2069 586 2141 παραιτεῖται
608 2063 639 2119 τό
660 2064 778 2145 κάτοχος
802 2066 852 2120 ὑπὸ
874 2070 927 2120 τῶν
953 2069 1072 2144 Νυμρῶν
1094 2064 1226 2141 γενέσθαι.
1247 2063 1344 2138 Ι’Δλλῳ
1361 2064 1411 2143 γάρ

286 2158 355 2217 άλλα
370 2162 485 2233 καθήκει
500 2163 546 2218 καί
561 2158 640 2236 άλλῳ
656 2162 722 2240 πρὸς
735 2159 838 2225 ἀλλους
855 2162 999 2233 οἰκειότης·
1017 2162 1056 2226 ῶς
1074 2163 1096 2218 εἰ
1111 2160 1204 2239 ἔλεγεν
1219 2164 1233 2218 6
1251 2161 1409 2240 Σωκράτης·

287 2285 300 2313 ι
319 2259 350 2315 ού
369 2257 507 2336 βούλομαι
522 2261 584 2340 περὶ
603 2261 633 2316 τὸ
649 2257 742 2318 ’ἐνυλον
756 2259 862 2324 κάλλος
880 2260 1027 2332 ἐνθουσιάν,
1043 2258 1108 2316 ἀλλ’
1124 2257 1186 2316 ούδὲ
1200 2260 1262 2338 περί
1278 2259 1309 2316 τὸ
1328 2260 1419 2335 μέσον

284 2358 315 2414 τὸ
337 2358 451 2438 ψυχικὸν
474 2356 592 2433 ίδιωμα,
614 2359 677 2438 περὶ
701 2358 852 2433 ἐπιστήμας
874 2360 919 2415 καί
943 2359 1037 2437 ἀρετάς
1059 2359 1104 2414 καί
1126 2358 1189 2437 περὶ
1212 2358 1258 2413 τὸν
1282 2356 1409 2437 σώφρονα

221 2461 252 2511 20
284 2453 381 2534 ἔρωτα,
399 2455 472 2514 ἀλλὰ
490 2458 551 2536 περὶ
564 2458 614 2528 την
628 2456 720 2536 νοερίιν
735 2457 780 2513 καὶ
792 2454 876 2514 θείαν
890 2466 939 2528 τῆς
954 2460 1045 2537 ψυχῆς
1060 2454 1204 2534 ἐνάργειαν·
1223 2479 1237 2509 ν
1256 2455 1278 2512 εί
1293 2457 1344 2534 γάρ
1362 2457 1408 2510 καὶ

283 2554 364 2612 καλοὶ
383 2557 408 2612 οἰ
429 2556 488 2634 περὶ
508 2556 571 2621 τούς
593 2557 691 2630 μέσους
712 2555 812 2634 λόγους
825 2564 875 2627 τῆς
891 2560 982 2635 ψυχῆς
998 2555 1186 2629 ἐνθουσιασμοὶ
1202 2555 1279 2624 καὶὴ
1299 2551 1410 2632 θεωρία

282 2656 300 2723 η
321 2655 380 2733 περὶ
402 2654 468 2710 αὐτά
486 2654 532 2711 καί
551 2655 583 2710 τά
602 2655 779 2726 αἰσθητὰκαὶ
800 2654 910 2711 σύνθετα
929 2652 1035 2725 κάλλη,
1053 2651 1115 2710 ἀλλ’
1133 2651 1180 2709 ούν
1194 2650 1348 2730 κοιλότεροι
1362 2651 1408 2708 καὶ

282 2750 486 2831 καταδεέστεροί
508 2753 573 2809 εἶσιν
595 2753 633 2815 ὡς
655 2753 723 2831 πρὸς
745 2754 793 2823 την
814 2750 895 2832 ἀκραν
916 2759 965 2810 τοῦ
989 2751 1149 2831 Σωκράτους
1170 2748 1305 2830 θεωρίαν.
1324 2747 1409 2829 Ὅπερ

283 2850 329 2908 οὖν
344 2852 404 2931 περὶ
420 2857 467 2908 τοῦ
484 2850 651 2930 δημιουργοῦ
669 2850 774 2929 εἴρηται
790 2849 817 2906 ἐν
831 2851 960 2925 Τιμαίῳ
978 2850 1019 2906 ότι
1036 2875 1048 2903 ιι
1067 2856 1151 2907 ταῦτα
1166 2849 1249 2907 εἰπὼν
1264 2855 1323 2912 τοῖς
1338 2849 1407 2911 νάοις

220 2953 251 3002 25
282 2947 363 3013 θεοῖς
380 2950 511 3030 ἀνεχώρει
528 2950 574 3012 εἰς
587 2952 645 3020 τήν
657 2950 774 3006 εαυτοῦ
788 2951 973 3029 περιωπήν,
990 2973 1004 3002 ο
1019 2949 1156 3006 τοῦτοκαὶ
1171 2954 1216 3004 νυν
1230 2949 1244 3003 6
1261 2948 1409 3026 Σωκράτης

282 3047 420 3128 διατρίψας
443 3050 505 3125 περὶ
524 3048 586 3112 τούς
609 3048 704 3122 μύσους
726 3048 826 3126 λόγους
849 3056 898 3119 τῆς
919 3052 1010 3127 ψυχῆς
1023 3049 1078 3103 καί
1093 3046 1174 3123 ψὲξας
1194 3049 1241 3103 τὸν
1256 3044 1407 3103 ἀκόλαστον

281 3143 368 3226 ἔρωτα
381 3147 426 3202 καὶ
442 3145 608 3222 καταλείψας
625 3152 664 3220 τῷ
679 3144 788 3226 Φαίδρῳ
806 3144 851 3226 ἀρ’
865 3147 959 3203 ἑαυτοῦ
974 3143 1126 3225 προθαλεῖν
1140 3146 1202 3208 τούς
1216 3145 1275 3223 περὶ
1289 3148 1337 3200 τοῦ
1353 3143 1407 3199 σώ-

281 3267 379 3327 ρρονος
395 3242 495 3324 ἔρωτος
511 3243 624 3322 λόγους,
640 3245 792 3325 ἀναχωρεῖν
809 3245 939 3322 βούλεται
958 3245 1002 3309 είς
1021 3247 1079 3315 τὴν
1095 3245 1216 3301 ἑαυτοῦ
1235 3243 1408 3321 περιωπήν

280 3345 325 3401 καί
347 3344 394 3409 τἀς
411 3344 504 3422 νοεράς
527 3342 672 3422 ἐνεργείας.
693 3344 728 3400 Τὸ
751 3341 779 3398 δὲ
798 3342 918 3423 ίρεοτὼς
937 3341 1077 3419 δαιμόνιον
1094 3340 1248 3422 διακατέχει
1268 3340 1349 3397 αὐτὸν
1370 3338 1408 3395 ἔτι

219 3452 250 3502 30
281 3444 340 3521 περὶ
353 3444 405 3511 τήν
417 3443 521 3520 γένεσιν
535 3441 578 3497 “m
593 3440 761 3512 τελεώσηται
775 3441 820 3496 τὸν
835 3441 918 3518 λόγον
933 3443 977 3497 καί
991 3439 1186 3519 προενέγκηται
1203 3439 1266 3502 τούς
1282 3439 1342 3515 περὶ
1359 3442 1407 3492 τού

280 3538 362 3598 θείου
382 3542 427 3597 καί
448 3541 591 3618 ἀναγωγού
611 3535 710 3619 ἐ’ρωτος
737 3538 849 3617 λόγους.
868 3538 954 3618 Ἐιόρα
977 3540 1027 3618 γάρ
1053 3542 1103 3609 τήν
1129 3537 1334 3610 ἐπιτηδειότητα
1359 3541 1407 3592 τοῦ

311 3760 326 3808 9
339 3760 381 3810 διὰ
392 3786 423 3794 -
435 3759 464 3808 13
476 3754 629 3822 καλούμεναι
644 3757 700 3820 jam
711 3757 796 3807 edidit
809 3758 869 3808 νιιιι
881 3760 976 3809 (ὶοιιιιε
988 3759 1022 3808 ad
1034 3759 1134 3822 Porph.
1146 3758 1179 3808 de
1188 3750 1275 3808 ant'ro
1288 3759 1388 3825 nympl
1400 3793 1407 3807 .

279 3829 455 3895 p.101ex}³
518 3829 547 3880 11
565 3833 667 3894 εἴπομεν
682 3832 722 3892 55,
737 3828 766 3880 11
782 3831 849 3880 0613
912 3831 943 3880 19
959 3833 986 3881 τό
1002 3830 1297 3896 ψυχικον-θθάρωτα
1312 3830 1347 3880 οί,
1363 3830 1406 3888 47,

279 3903 352 3953 2θ27
414 3903 445 3952 24
464 3901 533 3952 Tim.
551 3903 580 3952 11
601 3903 641 3952 C:
659 3901 708 3953 sed
726 3903 810 3953 verba
828 3916 891 3966 quae
911 3908 1066 3965 sequuntur
1081 3903 1110 3950 iu
1131 3899 1250 3951 Ροίίιίοο
1265 3901 1311 3951 272
1326 3900 1348 3950 E
1363 3902 1406 3952 le-

282 3981 385 4039 guntur

310 4096 372 4147 'rlT
388 4096 419 4147 13
433 4096 489 4162 περὶ
504 4095 618 4159 Νυμφῶν
636 4096 660 4142 Α
673 4107 680 4143 :
696 4093 810 4157 Νυμφῶν
826 4095 938 4156 ὀνόματα
954 4092 975 4141 C

312 4223 359 4273 Nc
374 4221 439 4271 θδιὶι
449 4247 480 4256 -
490 4221 504 4269 3
515 4218 592 4277 πάθος
603 4218 704 4268 seclusi
718 4224 747 4267 ιιι
757 4231 792 4268 ex
807 4218 847 4279 54,
858 4216 936 4267 13-16
946 4218 1060 4280 repetita
1123 4217 1137 4266 4
1152 4213 1200 4279 ἤδη
1211 4217 1258 4279 ἔπη
1270 4215 1340 4265 ΡΙει.

280 4295 310 4344 10
325 4294 351 4345 δὲ
363 4306 416 4342 om.
428 4293 449 4341 Ρ
513 4292 543 4340 12
558 4288 673 4355 ἀλογίαν]
685 4291 820 4354 ἀναλογίαν
832 4290 887 4338 ΜΡ
955 4290 981 4338 13
994 4285 1087 4353 ναίδες]
1099 4290 1210 4345 νεανίδες
1220 4285 1406 4351 suprascripto

278 4361 360 4423 ναίδες
377 4365 419 4414 Β;
437 4365 546 4421 νεανίδες
564 4361 617 4410 ΜΡ
633 4377 639 4411 :
658 4360 758 4418 ναιάδες
776 4365 832 4410 Αετ
845 4361 930 4421 (idem
946 4360 1105 4422 conjecerat
1123 4358 1184 4409 Van
1200 4360 1304 4419 Οονιιει
1370 4358 1407 4424 τε]

280 4438 307 4487 δι’
331 4437 385 4485 ΜΡ
449 4436 480 4486 11
500 4437 633 4499 ἀναγωγῆς
659 4433 686 4482 Μ
751 4433 782 4482 25
804 4430 936 4499 ἀντχωρει]
962 4431 1111 4498 ἀνεχώρησε
1136 4431 1163 4479 Μ
1230 4432 1306 4481 αὐτοῦ
1332 4429 1404 4479 Plat.

279 4507 362 4557 et.28
423 4503 615 4570 θθέφεοτὸςΜ
633 4517 638 4552 :
659 4503 694 4553 01.
717 4502 1085 4567 KUHNRR·BLASS§317,3
1149 4501 1181 4551 30
1197 4499 1358 4563 τελειῶσηται
1374 4499 1403 4547 Μ

342 4575 532 4644 προενέγκητοιι]
547 4579 744 4643 προσενέγκηται
760 4575 789 4623 Μ
869 4609 871 4613 -
