3164 5512
381 480 436 531 ΕΙΣ
457 483 519 533 TON
540 481 717 532 ΠΛΑΤΩΝΟΣ
738 481 880 532 ΦΑΙΔΡΟΝ
904 480 1027 532 ΣΧΟΛΙΑ
1202 493 1264 544 «213

41 637 106 704 [177]
139 631 275 699 νυστάζειν
298 631 343 688 καὶ
367 631 463 711 άργοθς
486 633 626 704 εἶναιτὴν
648 631 775 692 διάνοιαν.
800 631 903 691 Είθέναι
923 632 951 691 δὲ
973 633 1013 693 θεῖ
1031 637 1121 700 καθὼς
1145 640 1188 695 καὶ
1210 637 1262 710 ἤθη

141 725 254 802 είπομεν
268 727 309 784 θιι
324 727 355 784 οό
371 730 432 808 περὶ
447 730 594 808 ῥητορικῆς
611 729 694 804 μόνον
709 737 829 786 ποιεῖται
842 731 888 786 τὸν
904 729 997 809 λόγον,
1015 731 1082 789 ἀλλά
1098 736 1160 813 περὶ
1176 736 1265 806 πάσης

140 834 298 906 συγγραφῆς
319 827 364 883 καί
384 828 484 892 παντὸς
503 835 551 885 τοῦ
569 827 667 906 λέγειν,
687 828 753 885 πότε
771 826 862 893 καλῶς
876 825 932 885 έστι
952 831 1062 912 γράφειν
1082 834 1126 888 καὶ
1141 832 1263 912 λέγεινῆ

142 926 192 997 μή.
214 921 440 996 Καθολικωτάτην
459 923 505 980 οὖν
524 926 569 981 καὶ
588 925 872 999 έπιστημονικωτάτην
894 933 1012 984 ποιεῖται
1024 931 1075 998 τήν
1091 927 1183 995 δεῖξιν
1199 930 1264 1010 πρό·

94 1033 109 1080 5
140 1043 216 1101 τερον
239 1020 285 1077 οὖν
307 1019 444 1100 παραόυθς
466 1022 531 1079 πότε
555 1020 624 1079 ἔστιν
646 1024 730 1101 ὀρθῶς
752 1024 865 1103 γράφειν
883 1025 928 1081 καὶ
950 1027 1000 1099 μὴ,
1021 1027 1066 1082 καί
1088 1028 1199 1091 κανόνας
1217 1033 1265 1084 τοῦ

143 1121 229 1199 ὀρθῶς
244 1118 344 1197 λέγειν,
360 1118 469 1199 ἔρχεται
484 1121 595 1200 ίι’στερον
612 1122 649 1185 είς
661 1122 692 1177 τὸ
707 1127 845 1201 συγκρῖναι
857 1122 919 1186 τοθς
932 1120 978 1179 θέο
990 1121 1099 1202 λόγους,
1108 1126 1155 1182 τὸν
1168 1126 1269 1183 ἑαυτοῦ·

141 1219 186 1274 καὶ
200 1218 245 1274 τὸν
259 1216 370 1289 Λυσίου,
387 1217 429 1274 έπὶ
446 1217 646 1297 υποθείγματος
663 1214 808 1291 ἐξετάζων,
823 1220 867 1276 καὶ
882 1219 969 1284 οίίτως
985 1221 1037 1277 άπὸ
1051 1228 1105 1278 τῶν
1117 1223 1265 1280 καθολικω-
1334 1248 1352 1283 νῑ

141 1317 224 1395 τέρων
237 1313 347 1395 ἔρχεται
361 1317 397 1381 εἷς
410 1317 443 1372 τά
456 1318 523 1373 κατά
539 1318 631 1397 μέρος·
650 1314 758 1392 μέλλων
772 1316 818 1373 οὗν
831 1323 911 1375 τοῦτο
923 1325 1010 1376 ποιεῖν
1023 1320 1114 1398 ἀνάγει
1123 1322 1169 1377 τὸν
1182 1320 1265 1399 λόγον
1281 1346 1284 1355 ·

142 1413 185 1470 ἐπὶ
204 1413 267 1477 τοὺς
287 1413 399 1494 ἐφόρους
417 1414 499 1479 θεοὺς
514 1422 561 1471 τοῦ
578 1414 664 1493 λόγου
680 1417 724 1471 καί
741 1416 774 1471 τά
792 1413 877 1486 αίτια,
894 1418 1012 1473 τουτέστι
1026 1418 1073 1482 τάς
1089 1419 1209 1483 Μούσας.
1226 1455 1265 1466 -

80 1521 111 1572 10
144 1509 252 1591 Σχολὴ
267 1512 335 1586 μέν
357 1509 406 1583 θη·
430 1513 521 1594 σχολὴ
546 1514 584 1577 είς
606 1514 636 1569 τὸ
659 1511 838 1591 διαλέγεσθαι,
861 1515 906 1569 καὶ
929 1512 1005 1571 οὐθὲν
1025 1519 1100 1591 ἡμᾶς
1119 1516 1273 1597 περιέλκειῄ·

43 1634 69 1684 p.
78 1619 125 1671 178
143 1609 261 1685 μάλιστα
274 1611 324 1690 γάρ
343 1611 348 1689 Ι
367 1610 539 1692 σχολαστικοὶ
553 1611 678 1690 λέγονται
694 1614 720 1668 οί
733 1617 768 1687 τῇ
784 1611 888 1691 θεωρίᾳ
902 1611 1097 1694 σχολάζοντες.
1112 1651 1150 1660 -
1164 1615 1210 1673 Ἐν
1223 1623 1264 1695 τῷ

142 1708 254 1788 πνίγει
272 1707 310 1766 δέ·
327 1710 358 1766 τθ
374 1709 402 1766 έν
418 1706 577 1790 μεσημάρίᾳ
591 1708 717 1789 λέγεσθαι
731 1712 777 1767 τὸν
792 1710 872 1789 λόγον
887 1713 960 1792 φέρει
974 1714 1031 1769 τινά
1047 1713 1137 1771 εἰκόνα
1153 1714 1219 1794 πρὸς
1235 1716 1265 1770 τὸ

141 1812 272 1886 κρεῖττον·
288 1807 350 1864 τότε
364 1808 414 1887 γάρ
430 1809 444 1863 θ
459 1808 524 1872 θεὸς
540 1806 617 1878 ἥλιος
633 1809 672 1874 ὡς
686 1809 739 1864 ἀπὸ
753 1811 863 1888 κέντρου
876 1809 962 1866 πάντα
982 1812 1151 1889 καταυγάζει·
1173 1808 1266 1868 έπειτα

143 1902 170 1962 Si
184 1906 228 1961 καί
242 1904 386 1984 άναγωγόν
404 1904 457 1961 έοτι
470 1906 500 1962 τὸ
517 1906 624 1985 θερμὸν
639 1906 843 1989 καὶγάνωφερές.
861 1941 900 1951 -
918 1908 953 1963 E}
969 1906 1035 1980 οὖν,
1052 1910 1143 1989 φησίν,
1162 1906 1266 1966 ίθοιεν

80 2012 110 2061 15
143 2002 169 2056 οἰ
191 2001 341 2079 τέττιγες
364 2003 390 2058 οί
411 2002 488 2080 ὑπὲρ
507 2001 657 2082 κεφαλῆς
676 2006 771 2078 ἡμῶν
790 2000 877 2075 ὅντες,
892 2005 1026 2061 τουτέστιν
1044 2007 1072 2060 αῖ
1092 2012 1168 2062 θεῖαι
1182 2007 1267 2085 ψυχαὶ

143 2096 206 2169 ἤτοι
221 2096 348 2174 δαίμονες
362 2099 380 2170 ἢ
394 2099 482 2180 ἥρωες
497 2100 592 2171 θεεοὶ
606 2102 633 2156 οί
649 2102 714 2180 ὑπὲρ
729 2100 848 2181 κεφαλῆς
860 2105 942 2176 ἡμῶν
958 2102 1032 2167 ὀντες
1044 2104 1089 2160 καὶ
1104 2104 1167 2183 ὑπὲρ
1179 2106 1264 2178 ἡμᾶς,

142 2196 456 2272 κατακηλουμένους
476 2199 527 2255 ὑπὸ
545 2197 646 2270 ἡδονῆς
661 2201 705 2255 καί
723 2198 904 2278 γλυκυθυμίας
920 2202 963 2256 καί
977 2201 1212 2282 καταφερομένους
1228 2203 1265 2266 είς

144 2297 227 2353 ὕπνον
246 2295 454 2375 καταγελῷεν
474 2297 508 2353 θν
526 2301 619 2372 ἡμῶν·
641 2299 664 2354 εί
684 2298 734 2377 γάρ
753 2300 786 2355 τά
806 2299 893 2369 θνητά
908 2306 961 2355 των
981 2300 1156 2375 ζῴων,,οίον,
1173 2300 1264 2381 φησίν,

145 2397 171 2452 οῖ
189 2393 317 2473 τέττιγες,
339 2395 467 2474 ἀγρυπνεῖ
488 2395 516 2453 έν
538 2391 706 2475 μεσημάρία,
726 2394 824 2474 πολλῷ
845 2396 931 2454 πλέον
952 2397 981 2452 τὸ
1003 2396 1110 2476 λογικὸν
1127 2400 1198 2476 ,ζῷον
1218 2399 1267 2455 οὐκ

81 2500 112 2551 20
145 2492 252 2573 ὀφείλει
272 2495 443 2562 νυστάζειν
463 2496 506 2549 καὶ
526 2490 800 2573 μεσημὸριάζειν,
818 2529 856 2538 -
876 2491 1145 2575 Μεσημθριάζειν
1166 2495 1194 2553 δέ
1214 2476 1268 2553 ἐστι

142 2591 174 2647 τὸ
193 2589 220 2647 ἐν
237 2595 272 2667 τῇ
294 2587 455 2671 μεσημθρίφ
473 2593 610 2658 νυστάζειν
632 2594 676 2648 καὶ
694 2591 842 2652 καθεύθειν.
862 2594 953 2650 -Τὸ
973 2592 1001 2650 δέ
1019 2592 1264 2667 κηλουμένους,
1287 2646 1298 2671 .·

144 2687 263 2745 τουτέστι
280 2689 469 2768 θελγομένους
488 2691 538 2747 ὑπὸ
557 2697 612 2747 τῶν
631 2689 737 2761 τ’,θονὼν
755 2697 808 2747 τῖον
826 2698 989 2765 σωματικῶν
1002 2694 1046 2748 καί
1060 2700 1110 2763 τῆς
1131 2691 1266 2770 γλυκυθυ-

145 2786 220 2862 μίας,
245 2788 290 2843 καὶ
311 2788 545 2868 καταφερομένους
570 2791 605 2854 είς
627 2791 740 2867 γένεσιν.
762 2824 801 2832 -
821 2790 856 2845 Τὸ
877 2788 905 2845 δέ
926 2773 969 2846 δι’
990 2791 1103 2869 άργίαν
1125 2799 1178 2861 τῆς
1200 2788 1266 2846 θια-

81 2991 112 3039 25
143 2983 274 3062 γενέσεως
300 2985 457 3063 γινομένην,
480 2987 524 3041 καί
551 2985 614 3067 οίιγί
640 2989 690 3056 τήν
716 2987 746 3043 τό
773 2987 866 3065 νοερὸν
891 2988 974 3059 ἡμῶν
1000 2988 1045 3042 καί
1070 2988 1120 3056 τήν
1146 2984 1267 3042 θιάνοιαν

144 3081 336 3162 θιεγείρουσαν.
1044 3073 1047 3079 ’

185 3240 246 3321 ριό’.
270 3240 391 3321 Ὥσπερ
412 3238 588 3324 προθάτια]
611 3246 669 3304 259
691 3245 729 3305 Λ.

184 3392 323 3448 Τουτέστιν
342 3391 524 3470 άλογηθέντας
539 3394 583 3449 καί
599 3392 625 3449 έν
641 3391 687 3469 ίση
697 3389 775 3474 Ιτάξει
790 3400 843 3450 τῶν
861 3392 969 3473 ἀλόγων
985 3396 1003 3468 i}
1021 3400 1076 3452 τῶν
1091 3393 1266 3474 άνόραπόδων

64 3520 67 3525 ·
147 3488 239 3562 ὄντας,
255 3491 298 3546 καί
314 3488 398 3564 μηδὲν
414 3488 488 3556 άζιον
503 3490 686 3566 ἐπιστήμονος
701 3492 867 3570 πράττοντας
882 3498 1038 3568 κοιμᾶσθαι.
1056 3495 1104 3550 Διά
1122 3494 1218 3552 τούτου
1239 3491 1267 3549 δὲ

83 3603 115 3655 3ο
145 3587 289 3670 προτρέπει
303 3592 375 3664 ἡμᾶς
388 3590 557 3669 προστιθέναι
573 3592 616 3646 καὶ
634 3592 682 3652 τάς
698 3592 794 3654 νύκτας
812 3592 850 3655 είς
866 3593 896 3647 τὸ
911 3593 1067 3671 ἀγρυπνεῖν,
1085 3594 1167 3667 μήτοι
1178 3614 1208 3670 γε
1225 3590 1266 3649 δεῖ

176 3851 192 3900 ι
209 3850 311 3913 amm
329 3848 384 3904 211.
401 3847 445 3910 ιη
464 3846 520 3910 ιιι,
539 3823 569 3897 ι’
618 3847 649 3898 ιο
665 3847 700 3898 οι.
716 3847 802 3899 schol,
822 3849 868 3899 ιιι
887 3853 911 3900 A
932 3854 967 3914 ιρ.
984 3849 1031 3900 ιιι
1045 3850 1153 3916 Herm.)
1169 3852 1267 3915 μισημ.

146 3921 285 3988 ὀριάζοντα
312 3924 337 3970 έν
362 3921 503 3989 μισημόρίφ
528 3918 679 3978 νυστάζοντα
706 3923 749 3970 καὶ
772 3917 924 3971 καθεύδοντα
948 3917 1093 3985 κηλούμενα
1156 3921 1185 3988 21
1211 3922 1265 3972 vid.

146 3992 257 4044 OLYMP.
274 3990 305 4039 ιἰι
322 3988 456 4039 Phaedon.
476 4004 502 4053 p.
517 3990 542 4048 9,
557 3984 587 4040 12
607 3987 712 4040 Finckh
731 3993 774 4041 καὶ
790 3992 858 4057 παρά
873 3992 1054 4059 Πυθαγορείοις
1070 3995 1162 4057 μηθένα
1176 3989 1267 4044 καθεί-

147 4067 198 4115 θειν
213 4067 238 4115 έν
255 4064 397 4131 μεσημόρίφ
478 4110 479 4113 ,

179 4198 225 4249 Nc
247 4199 261 4248 3
279 4202 322 4250 καὶ
341 4202 420 4267 λέγειν
435 4212 489 4251 om.
506 4201 534 4249 Μ
599 4202 614 4250 4
637 4199 705 4265 μὴια
723 4204 772 4258 1ος
789 4212 805 4248 a
823 4200 851 4250 in
866 4199 922 4250 fine
945 4212 1052 4262 versus;
1070 4199 1171 4250 deinde
1190 4200 1268 4249 initio

147 4284 244 4322 versus
258 4269 375 4334 proximi
389 4271 525 4336 syllabam
539 4291 572 4323 ια
591 4278 655 4322 ante
672 4272 774 4323 litteras
790 4271 958 4335 θολικωτάςην
974 4271 1045 4334 (quae
1065 4271 1099 4320 ab
1119 4275 1142 4320 A
1160 4271 1267 4333 scriptae

147 4344 220 4403 sumt
235 4341 380 4406 praemisit;
396 4343 506 4393 nullum
518 4343 602 4407 igitur
616 4343 731 4392 dubium
745 4342 814 4406 quin
831 4343 859 4391 in
877 4346 901 4391 Α
916 4342 1048 4406 scriptum
1063 4342 1145 4392 tuerit
1158 4341 1200 4405 μὴ·
1214 4346 1269 4398 καΙ-

147 4412 337 4476 θολικωτάτην
376 4412 519 4479 5οὗν]μέν
536 4415 564 4463 Μ
629 4417 671 4465 καί
686 4413 807 4478 μὴ]ἢμὴ
823 4415 851 4463 Μ
917 4411 1034 4476 κανόνας]
1043 4416 1207 4480 κοινωτὲρους
1222 4413 1268 4462 vel

147 4486 235 4548 potius
253 4483 402 4550 κοιυώτερον
417 4488 455 4533 A²
517 4485 548 4536 16
564 4489 672 4551 κεφαλῆς
687 4485 715 4533 Μ
733 4483 946 4550 Ρ181.;κεφαλὴν
963 4488 988 4533 Α
1052 4483 1080 4533 17
1097 4487 1268 4548 κηλουμένους

148 4556 219 4607 plat.
283 4556 313 4605 19
331 4561 355 4607 ο1
370 4568 424 4607 om.
442 4558 469 4606 Μ
535 4556 565 4606 27
583 4555 677 4623 ὥσπερ,
694 4561 727 4613 ὡς
742 4556 816 4605 rubr.
836 4561 859 4606 Α
923 4556 954 4604 28
972 4556 1177 4620 άλογωθένταςΑ
1243 4560 1267 4606 ἐν

147 4627 246 4676 om.M
311 4626 467 4700 τῂτάξειΜ
640 4652 643 4660 ·
