3150 5504
361 483 417 534 ΕΙΣ
437 485 499 535 TON
521 483 698 535 ΠΛΑΤΩΝΟΣ
720 483 862 534 ΦΑΙΔΡΟΝ
886 483 1010 534 ΣΧΟΛΙΑ
1215 494 1247 544 47

38 655 91 722 [83]
127 645 267 726 Σωκράτει
288 632 385 703 ἐλθών.
407 628 436 699 ’θ
457 641 486 701 δέ
505 642 584 723 ὅρκος
608 642 689 700 αὐτοῦ
710 642 755 699 καί
777 643 808 698 τὸ
828 642 943 717 δμνθναι
962 641 1003 698 δἐι
1023 660 1039 703 (ι
1055 642 1110 700 ἐάν
1126 664 1182 718 μοι
1202 644 1245 718 μὴ

125 743 226 820 είπης
242 744 298 800 τὸν
313 742 426 822 λθγον,
444 741 570 800 οὐδέποτέ
585 764 636 799 σοι
649 740 763 820 ἕτερον
779 739 882 818 λόγον
897 739 1031 814 ἐπιδείξω,
1045 760 1061 802 ιι
1077 740 1247 819 βουλομένου

123 841 303 924 ὠφεληθῆναι
321 838 376 898 ἐστι
396 841 441 898 καὶ
461 840 544 913 δηλοῖ
562 839 615 913 ὅτι,
638 841 660 897 εί
681 841 719 916 μὴ
739 839 863 897 συνέλθοι
882 839 956 914 αὐτῷ
976 841 990 895 6
1009 840 1166 919 Σωκράτης,
1182 862 1248 896 παν·

123 941 207 1013 τελής
222 941 303 998 αὐτὸν
318 939 423 1007 καθέξει
438 939 572 1021 στέρησις,
589 940 681 1019 ὥσπερ
697 938 730 1010 δὴ
746 939 792 996 καὶ
807 941 822 996 6
837 937 916 1011 ἥλιος
930 937 1026 1015 ἀμνυσι
1040 945 1080 1014 τῷ
1095 939 1145 999 Διί.

76 1094 92 1143 5
166 1105 222 1182 μζῖ
250 1102 351 1164 Βαὸαὶ
376 1105 399 1161 ὦ
421 1103 622 1185 <μιαρέ>]
649 1106 707 1163 236
729 1104 766 1164 E.

166 1259 227 1318 Πῶς
243 1254 341 1333 μιαρὸν
355 1253 438 1310 καλεῖ
451 1254 498 1310 τὸν
511 1250 631 1334 Φαῖδρον
644 1256 675 1311 ὃν
685 1253 741 1310 ἀνω
751 1251 970 1334 θείανκεραλήν
981 1253 1125 1326 ἐκάλεσεν;
1143 1252 1179 1308 Ἢ
1192 1252 1249 1309 ἐκεῖ

127 1353 187 1426 μὲν,
211 1353 247 1417 ὡς
265 1353 332 1432 πρὸς
351 1353 383 1408 τὸ
403 1353 432 1408 ἐν
454 1352 535 1408 αθτοῦ
556 1352 602 1409 καί
624 1354 718 1433 νοερὸν
739 1361 789 1424 τῆς
812 1357 902 1432 ψυχῆς
924 1350 1038 1426 ἀπιδὼν,
1060 1350 1141 1409 θεῖον
1167 1351 1248 1408 αὐτὸν

124 1456 255 1529 προσεῖπε
271 1447 360 1530 (θείας
374 1451 426 1529 γὰρ
442 1457 481 1525 τῖρ
496 1448 552 1507 ’ἀντι
568 1451 666 1530 μοίρας
683 1452 795 1532 μετέχει
808 1458 880 1508 πᾶσα
896 1448 995 1530 λογική
1017 1450 1116 1531 ψυχή),
1136 1449 1249 1506 ἐνταῦθα

127 1543 156 1602 δέ
170 1547 208 1610 ὡς
224 1547 289 1626 πρὸς
308 1549 358 1618 τήν
375 1548 439 1625 βίαν
460 1547 541 1605 αάτοιῖ
562 1549 607 1605 καὶ
631 1548 751 1627 ἀνάγκην
773 1546 878 1605 ἀπιδών
900 1548 957 1628 (καὶ
979 1548 1031 1627 γάρ
1053 1545 1139 1625 λέγει·
1164 1571 1177 1600 ιι
1195 1546 1248 1603 ἐὰν

62 1654 94 1704 10
127 1647 165 1719 μή
188 1669 235 1720 μοι
255 1645 348 1722 είπης,
369 1647 400 1704 οὔ
423 1650 461 1722 μή
485 1645 551 1704 ποτέ
573 1669 624 1703 σοι
646 1645 725 1714 δείξω
744 1645 859 1727 ἐτερον
883 1647 979 1726 λόγον
997 1644 1025 1727 ν)
1049 1646 1147 1724 μιαρὸν
1168 1643 1249 1700 αὐτὸν

126 1749 282 1820 προσεῖπον.
297 1743 326 1800 'fl
342 1746 394 1823 γάρ
412 1743 459 1821 βία
478 1745 523 1800 καί
544 1747 561 1815 ί,
583 1744 688 1824 ἀνάγκη
708 1745 738 1801 ἐκ
757 1753 805 1816 τῆς
824 1744 892 1817 ὕλης
911 1743 994 1819 ἐστὶν,
1017 1744 1054 1807 ὡς
1074 1743 1097 1799 εί
1114 1741 1211 1820 ἔλεγεν
1230 1745 1248 1813 ἡ

128 1837 182 1911 ὕλη
197 1847 236 1914 τῷ
251 1839 411 1920 δημιουργῷ
429 1841 471 1897 δἐι
488 1865 502 1895 ιι
520 1840 565 1898 ἐάν
582 1843 619 1916 μή
638 1864 672 1917 με
691 1844 904 1918 κατακοσμήσης
920 1842 978 1903 τοῖς
995 1838 1109 1914 εἴδεσιν,
1124 1831 1250 1905 ἐπιδείξω

127 1937 158 1993 τὸ
178 1937 244 2012 ἐμὸν
265 1938 362 2019 αἶσχος
382 1940 412 1995 εδ
432 1937 558 2014 ἀλαμπὲς
578 1940 623 1996 καί
642 1941 781 1997 σκοτεινὸν
801 1941 846 1996 καὶ
863 1941 914 2011 την
934 1938 1085 2019 προσοῦσάν
1102 1961 1149 2013 μοι
1162 1937 1249 2017 ἀσχη-

129 2037 260 2109 μοσύνην,
280 2062 293 2090 ιι
315 2038 380 2117 ὅπερ
396 2036 451 2094 ἐστὶ
468 2039 564 2117 μιαρὸν
585 2039 630 2093 καὶ
652 2036 743 2111 ἀηδές·
766 2039 781 2094 6
799 2038 845 2093 καὶ
865 2043 911 2093 νῦν
931 2059 1012 2118 ρησιν
1034 2039 1048 2093 6
1071 2035 1188 2117 Φαῖδρος
1208 2035 1251 2092 δ’τι

66 2145 97 2196 15
133 2159 147 2189 (ι
164 2133 217 2191 ἐάν
234 2138 276 2210 μή
294 2158 351 2211 μοι
373 2135 473 2213 είπης
491 2137 545 2193 τὸν
562 2135 664 2215 λόγον
678 2138 723 2193 καῖ
738 2129 871 2213 ἐπιδείξης
885 2159 931 2212 μοι
947 2138 962 2193 6
978 2136 1030 2216 ρῄς
1044 2133 1138 2207 καλὸν,
1155 2134 1205 2192 οὐκ
1219 2133 1251 2191 ἀν

131 2254 167 2308 με
181 2234 334 2299 τελειώσεις
348 2233 410 2291 οθδέ
427 2236 582 2315 ἐνεργήσεις
603 2236 640 2300 είς
656 2235 715 2311 ἐμὲ,
734 2237 780 2292 καὶ
800 2235 830 2292 ἐκ
848 2235 944 2292 τούτου
964 2230 1061 2309 ἔσομαι
1078 2233 1189 2314 αίσγρὸς
1207 2234 1252 2290 καὶ

130 2333 238 2413 μιαρός.
257 2353 273 2393 ιι
707 2344 709 2347 ’

172 2506 232 2578 μη’.
259 2510 330 2570 Πῶς
351 2506 412 2596 γάρ
437 2504 472 2562 ἀν
497 2505 569 2568 οἷός
592 2503 615 2561 τ’
636 2503 724 2582 είην]
750 2506 808 2563 236
833 2504 869 2562 Ε.

170 2646 240 2704 Ἀντί.
259 2655 316 2704 τοῦ·
340 2673 354 2703 ο
372 2653 430 2712 πῶς
449 2650 500 2728 γάρ
520 2647 636 2723 δίναμαι
656 2648 694 2722 μὴ
717 2646 869 2726 εὐεργετεῖν
891 2647 939 2708 τάς
961 2646 1049 2727 ψυχὰς
1067 2645 1112 2701 καὶ
1133 2644 1251 2724 ἐνεργεῖν

66 2746 98 2796 20
130 2748 198 2802 κατδι
218 2748 268 2817 τὴν
290 2746 360 2821 ἐμὴν
380 2748 544 2826 καθαρτικήν
564 2743 692 2821 δάναμιν;
716 2770 730 2799 ν
751 2779 791 2788 -
811 2746 862 2800 Καὶ
881 2747 899 2816 ἡ
918 2741 1003 2815 θοίνη
1024 2742 1052 2799 δέ
1071 2744 1121 2813 τήν
1141 2740 1251 2812 πολλὴν

132 2844 212 2901 σίτου
226 2844 355 2923 πρθνοιαν
369 2845 414 2900 καὶ
425 2833 576 2924 προθυμίαν
591 2842 756 2901 ἐνδείκνυται
770 2843 877 2899 τοῦτὸν
892 2839 1044 2914 ἐπιτήδειον
1057 2841 1167 2920 ἀνάγειν
1179 2841 1249 2897 νέον·

131 2945 162 3000 τὸ
183 2945 235 3023 γάρ
256 2942 361 3024 πλῆρες
382 2943 463 2999 αὐτοῦ
485 2951 533 3015 τῆς
556 2941 697 3018 δυνάμεως
720 2950 770 3015 τῆς
790 2948 972 3021 προνοητικῆς
997 2940 1041 2997 καὶ
1062 2948 1112 3011 τῆς
1134 2941 1202 2996 κατά
1220 2939 1251 2995 τὸ

130 3041 212 3101 θεῖον
228 3041 298 3106 εἶδος
314 3041 450 3123 ἐνεργείας
464 3043 509 3098 καί
524 3041 620 3116 δμοιον
635 3047 692 3106 τοῖς
705 3038 787 3104 θεοῖς
805 3038 997 3111 ἐνδείκνυταιη
1012 3036 1106 3110 θοίνη.
1119 3072 1159 3081 -
1172 3037 1207 3094 Τὸ
1223 3034 1252 3093 δέ

133 3140 355 3218 ἐγκαλυψάμενον
370 3139 462 3219 λέγειν
476 3141 522 3203 τὸν
538 3137 622 3217 λόγον
638 3140 685 3195 τὸν
706 3138 837 3218 Σωκράτη
860 3138 898 3201 ὡς
920 3134 1032 3213 μέλλων
1054 3134 1185 3192 ἐλάττονα
1206 3136 1252 3192 καὶ

68 3239 99 3289 25
133 3241 264 3319 ὑφειμένα
282 3247 332 3311 τῆς
349 3240 445 3296 ἑαυτοῦ
463 3236 545 3304 ’ἐξεως
564 3236 693 3317 ἐνεργεῖν·
711 3237 797 3295 οἰκεία
815 3237 866 3317 γάρ
885 3236 967 3293 αὐτοῦ
988 3235 1141 3314 ἐνέργειαὴ
1162 3233 1253 3291 ἐνθου·

133 3340 255 3409 σιαστικη
272 3336 416 3417 ἐρωτικῶς,
432 3339 448 3393 6
464 3337 490 3392 ἐν
501 3341 535 3412 τῇ
550 3334 705 3409 παλινῳδίᾳ
718 3331 807 3402 δείξει.
825 3332 932 3405 Ἐπειδὴ
949 3332 996 3390 οὖν
1010 3333 1080 3390 κατά
1094 3334 1124 3388 τὸ
1140 3333 1255 3412 ψυχικὸν

133 3433 235 3511 ἰδίωμα
256 3433 353 3510 μέλλει
368 3435 503 3507 ’ίστασθαη
522 3435 569 3491 τὸν
584 3435 709 3514 σώφρονα
728 3431 816 3513 ἔρωτα
836 3433 954 3490 ἐπαινῶν
972 3431 1017 3488 καί
1034 3432 1081 3496 τάς
1098 3430 1193 3510 ἀρετάς
1208 3429 1254 3486 καὶ

135 3524 295 3608 ἐπιστήμας,
320 3531 364 3589 διά
384 3538 463 3590 τοῦτο
490 3532 768 3611 ἐγκαλυψάμενος
792 3531 867 3610 λέγει
891 3532 938 3587 τὸν
962 3527 1058 3608 λόγον.
1085 3528 1122 3584 ’Ἦ
1145 3529 1189 3584 καὶ
1213 3528 1256 3584 δτι

135 3634 149 3688 6
165 3631 261 3696 Λυσίας
275 3627 439 3689 ἀποθλέπων
455 3631 494 3694 είς
510 3632 540 3687 τὸ
556 3631 721 3710 φαινόμενον
735 3628 839 3694 κάλλος
854 3634 901 3686 τοῦ
920 3626 1039 3707 Φαίδρου
1058 3626 1174 3683 ἐποιεῖτο
1193 3625 1255 3690 τοὺς

27 3734 119 3783 1⁰30v⁰
134 3729 247 3809 λόγους,
267 3731 272 3808 Ι
290 3728 330 3786 διὸ
345 3731 360 3786 6
376 3731 522 3809 Σωκράτης
537 3728 735 3807 ἐγκαλύπτεται
750 3729 788 3791 ὡς
805 3733 852 3785 τοῦ
870 3727 918 3802 μἐν
934 3724 1098 3806 ραινομένου
1122 3726 1254 3804 ὑπερφρο-

168 3994 275 4048 ιιιον.
290 3997 419 4062 μνον-83
482 3997 566 4048 οενω
581 3995 627 4046 ιιι
642 3998 666 4047 ιι

168 4140 216 4194 NG
235 4145 248 4192 l
266 4141 318 4207 ἐάν]
333 4145 354 4194 εί
370 4139 401 4195 σί
416 4145 453 4192 Aa
516 4142 531 4192 2
549 4144 714 4208 βουλομένουί
733 4145 878 4209 βουλομένῳ
890 4143 918 4192 Μ
935 4142 1002 4206 (jam
1020 4147 1176 4193 correxerat
1190 4140 1256 4200 Αοτί

199 4215 315 4278 θαύτονΙ
331 4215 439 4281 αὐτῷΜ
457 4214 522 4277 (jam
537 4221 695 4283 correxerat!
709 4217 775 4276 AsT)
839 4214 1078 4280 5βα6αὶςβιυοο.
1094 4216 1119 4262 Α
1185 4213 1258 4277 μιαρέ

137 4286 229 4336 addidi
291 4285 423 4352 θμιαρον]
442 4288 530 4353 μικρὸν
552 4286 580 4335 Μ
597 4286 662 4348 (jam
679 4277 833 4338 c'orrexerat
850 4287 918 4348 Αεί)
984 4286 1014 4335 10
1035 4285 1068 4349 μή
1089 4284 1141 4349 μοι]
1161 4302 1202 4347 μοι
1223 4280 1256 4344 μὴ

138 4357 452 4409 l.1etP1at.:et.15
516 4362 586 4433 εἴπης
607 4358 805 4420 Μ;εἴποιςᾹ;
826 4357 862 4407 εί.
882 4356 900 4405 l.
923 4356 948 4415 2,
969 4356 1007 4415 12,
1028 4356 1059 4407 15
1078 4361 1106 4405 et
1125 4353 1194 4404 Plat.

138 4429 168 4480 11
186 4432 201 4492 ἠ
220 4434 283 4479 ante
303 4428 400 4494 ἀνάγκη
421 4443 475 4480 om.
497 4431 524 4479 M
590 4429 620 4480 16
637 4429 770 4493 τελειώοης
791 4434 819 4479 οι
837 4428 972 4495 ὲνεργήσης
992 4431 1016 4477 Α
1037 4425 1077 4491 (ἂν
1097 4438 1171 4489 saepe
1192 4438 1257 4475 cum

139 4501 231 4552 suturo
255 4500 380 4565 jungitur
403 4501 477 4565 apud
501 4501 669 4552 Hermiam:
693 4515 719 4550 v.
740 4499 839 4562 India.)
904 4498 934 4548 18
956 4509 1018 4561 πῶς,
1038 4518 1056 4549 π
1074 4498 1149 4547 rubr.
1170 4499 1194 4546 Α

140 4571 170 4621 21
187 4572 325 4638 Σωκράτην
346 4572 375 4621 Μ
440 4571 470 4621 25
490 4573 607 4639 ἐνεργεῖν]
628 4574 708 4640 εὑρεῖν
728 4573 772 4632 Μ;
797 4576 861 4639 ἐρεῖν
874 4574 931 4621 Αετ
947 4587 952 4621 :
971 4572 1006 4621 cf.
1026 4570 1067 4629 48,
1088 4569 1104 4619 6
1123 4569 1213 4635 (εὑρεῖν
1233 4568 1256 4618 Β

141 4647 248 4710 ἐνεργεῖν
263 4656 345 4707 supra
358 4643 461 4694 lineam
478 4643 587 4708 scripto)
651 4644 682 4692 26
703 4643 741 4709 τὀ]
764 4644 806 4695 τὸν
836 4643 864 4692 Μ
930 4641 961 4692 30
982 4644 1019 4693 διο
1040 4639 1092 4706 ὸ]ὁ
1112 4641 1138 4692 δὲ
1159 4643 1196 4689 Α8
