3120 5506
405 490 461 542 ΕΙΣ
481 490 543 545 Tou
565 491 742 544 ΠΛΑΤΩΝΟΣ
763 490 906 543 ΦΑΙΔΡΟΝ
929 488 1053 541 ΣΧΟΛΙΔ
1246 496 1292 547 183

72 649 139 720 [1601
171 667 269 719 τητος
285 645 525 721 συμμεμυκότα
538 647 618 719 ἦσαν,
631 646 764 704 τουτέστιν
778 646 806 702 αἱ
817 642 943 720 δυνάμεις
957 652 1008 717 τῆς
1023 647 1127 725 ψυχῆς,
1139 642 1236 710 αἵτινες
1251 643 1294 702 διά

169 745 221 816 τὴν
238 742 339 824 γένεσιν
359 751 562 821 συμμεμυκυῖαι
579 747 659 819 ἦσαν,
673 742 789 826 ἤρξαντο
810 743 968 825 εόρόνεσθαι
987 744 1037 801 ὑπὸ
1057 741 1228 824 θερμότητος
1247 742 1293 802 καὶ

170 851 220 916 τῆς
233 842 376 923 ἀναγωγοῦ
391 841 544 920 δυνάμεως.
564 844 570 924 Ι

72 1001 153 1069 pasl
210 997 266 1078 κγ’.
290 998 518 1082 Ἐπιρρυείσης
540 999 573 1058 δὶ
592 1008 652 1074 τῆς
673 1001 812 1084 τρορῆς]
833 1002 890 1060 251
914 1000 951 1060 Β.

123 1157 139 1206 5
211 1150 335 1212 Φυσικῶς
350 1140 409 1228 ἔχει
421 1151 494 1203 πᾶσα
508 1147 582 1227 ψυχὴ
598 1144 754 1226 ἀνθρωπίνη
768 1144 800 1202 τὸ
817 1143 971 1224 ἀνάγεσθαι·
988 1150 1070 1202 τοῦτο
1088 1142 1135 1202 οὖν
1152 1143 1225 1224 λέγει
1245 1147 1294 1217 τήν

171 1242 282 1320 δόναμιν
298 1243 382 1316 αὐτῆς
399 1245 449 1316 τὴν
466 1243 529 1302 τότε
548 1243 574 1301 έν
590 1243 669 1322 βάθει
686 1244 879 1323 κεκρυμμένην
892 1243 938 1300 καὶ
952 1240 1095 1323 ἀνέργειαν.
1109 1278 1149 1288 -
1162 1240 1295 1317 Ὤιδησε

171 1344 216 1401 καὶ
228 1341 331 1416 ηὔξησε
344 1344 389 1400 καὶ
403 1342 441 1406 εἰς
457 1339 517 1418 ’όψιν
530 1339 633 1421 ἤγαγεν
648 1344 667 1414 ἦ
684 1341 748 1420 ῥίζα
764 1342 810 1399 καὶ
828 1343 842 1398 ό
863 1348 922 1399 τοῦ
938 1348 1062 1421 πτεροῦ
1076 1341 1199 1407 καυλὸς
1214 1341 1293 1414 καὶὴ

171 1441 310 1520 ἀναγωγός
335 1438 447 1516 δύναμις
473 1439 629 1512 ἀνεκινήθη.
650 1472 689 1484 -
709 1437 782 1496 ’Υπδ
806 1445 867 1496 πᾶν
888 1440 923 1497 τὸ
947 1446 1002 1511 τῆς
1027 1442 1141 1521 ψυχῆς,
1165 1439 1223 1497 ἀντὶ
1246 1441 1294 1496 τοῦ

170 1545 253 1597 πᾶσα·
272 1538 303 1597 οό
315 1538 366 1619 γάρ
378 1540 410 1596 τὸ
427 1539 477 1614 μέν
492 1537 578 1612 αὐτῆς
593 1538 730 1618 ἀνάγεται,
743 1537 774 1595 τδ
790 1534 819 1594 δέ
831 1534 874 1610 οὔ,
891 1535 965 1595 ἀλλά
978 1543 1061 1598 πᾶσα.
1077 1571 1118 1585 -
1130 1543 1220 1594 Πᾶσα
1234 1538 1295 1618 γάρ

110 1648 141 1700 10
171 1639 222 1710 ἦν·
242 1637 300 1695 ἀντὶ
315 1643 374 1695 τοῦ·
396 1637 455 1720 εἶχε
474 1639 522 1703 τάς
539 1636 698 1717 ἀναγωγοθς
718 1635 856 1712 δυνάμεις.
871 1670 910 1681 -
923 1637 958 1694 Τό
974 1635 1003 1694 δέ
1018 1638 1059 1705 ζεῖ
1072 1634 1130 1694 οὗν·
1151 1635 1241 1718 ὥσπερ
1256 1635 1296 1694 έν-

172 1739 258 1794 ταῦθα
275 1736 306 1793 τὸ
326 1737 385 1805 ζέον
402 1736 433 1793 τό
453 1731 593 1817 ὑπερόολῇ
612 1735 716 1815 θερμὸν
733 1734 881 1811 ἀκούομεν,
901 1735 973 1792 οότω
992 1736 1036 1792 καὶ
1057 1734 1100 1792 έπὶ
1118 1740 1209 1817 ψυχῆς
1225 1735 1295 1804 ζέσιν

172 1834 286 1914 λέγομεν
298 1837 347 1907 τὴν
359 1829 512 1915 όπερόολήν
525 1843 575 1907 τῆς
590 1832 706 1916 ἐρέσεως
721 1841 771 1906 τῆς
787 1833 945 1913 ἀναγωγοῦ·
965 1835 1015 1902 ζεῖ
1035 1831 1093 1891 σόν
1108 1840 1190 1891 τοῦτο
1208 1833 1294 1913 λέγει,

173 1935 294 2007 τουτέστι
312 1927 495 2016 σροδροτάτην
513 1929 572 2016 ἀγει
589 1934 640 2005 τήν
659 1930 748 2015 έρτσιν
764 1934 810 1990 καὶ
827 1935 877 2005 τήν
895 1935 984 2013 ὁρμὴν
1001 1935 1052 2005 την
1071 1933 1115 1991 έπὶ
1128 1934 1162 1990 τά
1176 1931 1240 1993 ἀνω.
1257 1968 1296 1977 -

174 2032 373 2111 ’Δνακηκέει,
386 2033 521 2091 τουτέστιν
531 2031 655 2107 ἀναπηδᾷ
668 2033 714 2089 καὶ
728 2031 848 2106 ἐνθουσιᾷ
862 2031 908 2089 καὶ
922 2027 1129 2114 έκθακχεόεται·
1142 2033 1292 2105 όποιητός·

113 2202 143 2257 15
471 2195 556 2261 πολὺς
576 2194 600 2254 δ’
618 2196 760 2270 ἀνεκήκιεν
780 2195 873 2280 ἱδρώς.

214 2371 266 2433 κδ’.
289 2372 347 2431 Καὶ
368 2371 448 2453 όπτρ
468 2372 504 2430 τό
524 2377 588 2430 τῶν
610 2371 911 2456 όδοντορυοάντων]
932 2375 989 2435 251
1013 2372 1049 2435 C.

215 2513 330 2597 Ὠσπερ,
351 2515 429 2599 ρησὶ,
445 2515 506 2597 περὶ
524 2517 575 2588 τήν
595 2517 685 2599 ἀρχὴν
702 2525 750 2591 τῆς
764 2517 899 2602 έκρόσεως
914 2524 968 2577 τῶν
984 2518 1102 2578 ὀδόντων
1115 2519 1219 2599 γίνεται
1230 2543 1298 2601 γαρ·

174 2612 321 2693 γαλισμδς,
337 2615 383 2673 τὸν
398 2615 479 2672 αὐτόν
494 2614 593 2695 τρόπον
606 2616 651 2672 καὶ
663 2618 681 2687 ἡ
697 2618 772 2699 ψυχὴ
786 2617 988 2693 ἀναμνησθεῖσα
1002 2617 1104 2701 έρέεται
1117 2624 1173 2676 τῶν
1184 2617 1239 2678 ἀνω
1253 2621 1299 2677 καὶ

174 2715 291 2793 ἠρεμεῖν
305 2712 355 2770 οὐκ
368 2712 492 2796 ἀνέχεται
505 2713 551 2770 καὶ
565 2711 721 2772 όδυνάται
737 2715 774 2781 ὡς
788 2713 827 2773 έτι
840 2717 1013 2799 κατεχομένη
1030 2715 1153 2791 ἐνταῦθα,
1169 2717 1297 2799 ἀριεμένη

112 2811 145 2863 2⁰
177 2809 205 2869 δὲ
223 2809 343 2870 ἀκτίνων.
362 2845 402 2856 -
420 2809 489 2892 Ὅρα
504 2809 533 2868 δέ
546 2810 643 2877 πόσαις
659 2821 827 2894 μεταφοραῖς
847 2813 984 2897 ἐχρήσατο
1005 2816 1019 2871 ό
1039 2812 1167 2871 Πλάτων·
1184 2820 1230 2872 νῦν
1245 2814 1298 2871 ἀπὸ

175 2918 226 2982 τῆς
244 2908 430 2992 όδοντορυίας,
450 2909 576 2990 ἀνωτέρω
592 2909 645 2968 ἀπὸ
661 2916 715 2968 τῶν
733 2907 858 2985 λεόήτων
878 2911 923 2971 ὅτε
942 2908 1018 2992 ἔλεγε
1036 2914 1090 2989 ζεῖ,
1111 2913 1156 2970 καὶ
1173 2912 1225 2970 ἀπὸ
1244 2919 1298 2969 τῶν

175 3008 344 3090 τετραπόδων
357 3009 403 3066 καὶ
417 3014 471 3066 τῶν
484 3007 579 3066 ἀλλων
595 3008 680 3068 εἶπεν.

216 3167 267 3230 κε’.
290 3166 385 3228 Ὅταν
408 3169 466 3245 μέν
486 3167 555 3252 οὖν]
577 3170 634 3229 251
658 3166 694 3229 C.

216 3316 280 3394 Περὶ
293 3322 344 3387 τῆς
356 3313 501 3393 ἀναγωγῆς
514 3321 564 3387 τῆς
580 3318 670 3396 ψυχῆς
687 3313 757 3372 ἐστιν
770 3315 785 3371 ό
796 3313 885 3393 λόγος·
901 3315 947 3372 καὶ
966 3313 1059 3387 ἐπειδὴ
1076 3314 1231 3394 ἀναγομένη
1249 3336 1299 3372 κα-

114 3422 145 3472 25
176 3414 286 3495 τέχεται
301 3412 413 3470 ἐνταῦθα
426 3414 487 3492 πρὶν
500 3411 593 3470 τέλεον
608 3413 725 3495 ἀναχθῇ,
744 3411 874 3492 βοόλεται
887 3413 976 3493 ὥσπερ
991 3411 1120 3490 σόμμιξιν
1134 3411 1238 3486 ἡδονῆς
1254 3414 1299 3470 καὶ

177 3511 371 3587 λόπηςεῖπεῖν,
382 3512 427 3569 καί
441 3533 522 3593 ρησιν
537 3511 578 3568 ότι
590 3511 666 3569 όταν
682 3512 740 3587 μὶν
755 3512 806 3592 όρᾷ
819 3513 899 3592 πρὸς
912 3513 947 3569 τὸ
961 3510 1087 3577 κάλλος
1100 3517 1156 3569 τοῦ
1170 3510 1298 3591 παιδὸς,

177 3611 298 3693 τρέρεται
311 3611 356 3667 καὶ
371 3608 504 3690 ἄρδεται
518 3611 563 3668 καὶ
577 3608 714 3687 ἧδεταιτῇ
729 3613 827 3688 μνήμη
840 3610 975 3669 τῶν-ἐκεῖ·
989 3615 1007 3684 ἡ
1020 3612 1070 3693 γάρ
1082 3605 1231 3688 ἀνάμνησις
1245 3619 1300 3670 τῶν

179 3708 259 3769 εἰδῶν
271 3710 315 3767 καὶ
328 3714 383 3767 τῶν
400 3714 506 3781 νοητῶν
521 3709 573 3766 ἀπὸ
587 3714 640 3766 τῶν
655 3708 776 3767 έντεῦθεν
788 3710 901 3789 γίνεται·
919 3709 960 3767 διὸ
976 3712 1046 3791 ὁρῶν
1062 3711 1097 3768 τὸ
1114 3709 1242 3776 κάλλος
1257 3713 1301 3769 καὶ

178 3810 213 3867 τά
236 3808 317 3891 μέρη
342 3808 374 3865 τά
397 3807 532 3866 ἐπιόντα
556 3808 677 3866 ἀπὸτοῦ
698 3807 782 3865 καλοῦ
806 3811 864 3866 οἷον
888 3807 996 3867 εἴδωλά
1016 3831 1086 3882 τινα,
1108 3810 1234 3892 τράρετσι
1256 3812 1302 3869 καὶ

116 3916 149 3966 θθ
178 3907 301 3988 γέγηθε
314 3908 360 3964 καὶ
373 3906 501 3986 ἀνάγεται
515 3906 558 3964 ἐπὶ
571 3906 602 3964 τὸ
617 3905 726 3979 νοητόν·
743 3905 857 3972 ἀπόντος
872 3905 900 3965 δέ
914 3912 962 3965 τοιῖ
976 3906 1059 3966 καλοῦ
1075 3909 1178 3985 μέμυκε
1192 3911 1238 3966 καὶ
1256 3909 1301 3968 υό-

211 4100 517 4156 15Ψ507;01.Ν705

212 4223 259 4275 Nc
278 4220 293 4274 1
309 4225 491 4289 συμμεμυκότα
506 4222 597 4274 Plan:
617 4224 776 4288 μεμεμυκότσ
788 4224 844 4273 Au
862 4224 990 4287 μεμυκότα
1002 4221 1071 4283 ΕΜς
1087 4223 1123 4275 σῖ.
1139 4221 1195 4282 182,
1209 4225 1240 4275 26

180 4294 337 4361 θὺπδΙάπδ
358 4294 388 4344 Μ
451 4293 765 4360 41πιρρυεῖσης,έευὶιε.
783 4295 807 4344 Α
871 4293 1069 4362 θκαῖένβάθει
1087 4295 1115 4345 Μ
1181 4293 1264 4361 ᾤδησέ
1276 4313 1302 4347 τε

182 4367 210 4417 Μ
226 4366 296 4418 Plat.
360 4364 494 4431 7ηόξησε]
514 4366 586 4429 ἔζησε
605 4365 634 4415 Μ
700 4368 776 4416 ότοῡ
796 4367 887 4451 πτεροῦ
901 4367 994 4425 καυλός
1009 4368 1068 4417 Aer
1084 4381 1089 4416 :
1107 4368 1135 4419 τὸ
1150 4370 1194 4419 τοῦ
1211 4371 1302 4435 πτεροῦ

180 4437 272 4498 κάλλος
286 4437 348 4489 libri
411 4441 495 4500 ηοω.
515 4436 594 4486 MDE
656 4435 896 4501 8πάντδ]τσυτης
911 4440 948 4486 Α·
1011 4435 1043 4488 10
1053 4439 1125 4490 ’τό-δλ
1139 4452 1193 4489 om.
1210 4439 1238 4488 Μ

181 4515 217 4571 ζεῖ
234 4510 303 4561 Plan.
319 4517 352 4560 t:
372 4516 401 4585 ζῇ
421 4508 468 4559 BT
532 4508 563 4559 16
583 4510 626 4559 καῖ
645 4509 719 4560 rubr.
741 4511 767 4558 A
831 4509 939 4559 όὸόντων
960 4504 1088 4574 φυοόντων
1110 4509 1178 4561 Plan
1199 4509 1261 4562 cod.
1279 4510 1302 4561 T

244 4583 274 4633 21
290 4589 340 4633 τῶν
354 4594 407 4632 om.
417 4584 443 4631 Α
454 4584 519 4631 ante
532 4582 690 4646 τετραπόδων
752 4579 783 4629 23
802 4578 871 4640 όταν,
884 4577 898 4629 ό
910 4578 984 4629 rubr.
999 4584 1022 4630 Α
1086 4581 1117 4632 26
1131 4583 1204 4646 φησὶν
1215 4585 1238 4632 Α

181 4653 212 4704 29
227 4656 329 4706 ἀπιόντα
343 4652 437 4717 scripsi
454 4665 470 4703 ε
485 4651 760 4717 ΡΙεῑοηοιπαριόντα
778 4648 841 4702 libri
855 4650 913 4713 (sed
930 4653 955 4702 Α
973 4665 1009 4704 ex
1023 4656 1144 4720 παρόντα)
1174 4664 1176 4668 ’
1208 4654 1300 4706 ιινὲιΑ
