3248 5512
240 500 260 536 11
392 517 395 529 ι
713 486 887 538 PRAEFATIO

240 651 298 720 vel
314 651 497 718 monendo
510 650 568 718 vel
584 651 692 720 etiam
709 663 890 719 errantem
907 651 1019 718 amice
1037 649 1355 742 reprehendendo,

240 766 562 835 commonstrabat.
588 767 733 858 Siquid
755 768 869 858 igitur
887 766 997 834 hodie
1017 765 1060 835 ad
1082 767 1238 834 Hermiae
1260 790 1358 834 com-

238 885 455 953 mentarium
482 884 519 950 in
547 881 665 951 lucem
693 882 875 950 edendum
904 882 1012 968 valui,
1043 882 1261 951 beneficium
1288 882 1357 950 hoc

238 997 292 1064 illi
321 1020 450 1089 magna
480 1007 651 1087 exparte
679 995 814 1063 debere
842 995 929 1062 mihi
958 996 1113 1062 videor:
1144 995 1357 1087 disciplinas

238 1136 327 1204 quas
348 1135 490 1180 mecum
510 1111 670 1202 benigne
686 1112 1016 1178 communicaverat
1033 1112 1180 1179 easdem
1197 1111 1241 1179 ad
1263 1135 1356 1202 opus

237 1230 317 1319 ejus
333 1227 597 1320 perficiendum
612 1225 774 1307 adhibui,
793 1227 898 1293 amici
918 1226 1148 1295 dilectissimi
1169 1227 1355 1294 memoriae

237 1344 452 1439 persolvens
473 1343 571 1435 quod
591 1343 635 1412 ab
656 1368 700 1411 eo
721 1355 858 1411 tantum
880 1367 976 1411 eram
999 1357 1198 1414 mutuatus.

197 1513 199 1516 -
281 1465 476 1558 Sperabam
490 1463 672 1555 equidem,
686 1487 781 1539 cum,
794 1464 941 1529 ineunte
953 1487 1046 1531 anno
1059 1464 1352 1546 MDCCCXCIX,

236 1611 330 1680 opus
350 1577 432 1655 sum
453 1608 666 1679 aggressus,
691 1585 769 1652 fore
790 1597 828 1651 ut
848 1584 951 1652 brevi
972 1584 1060 1652 illud
1083 1585 1127 1652 ad
1148 1585 1257 1652 finem
1278 1608 1355 1677 per-

236 1704 424 1775 ducerem.
451 1701 523 1770 Sed
547 1700 633 1768 inde
659 1699 703 1768 ab
729 1700 832 1766 initio
855 1699 1120 1777 difficultates¹,
1142 1699 1187 1767 de
1221 1699 1373 1792 quibus*

235 1818 384 1912 longius
407 1817 592 1901 disserere
614 1839 687 1884 non
714 1839 836 1907 operae
862 1817 1020 1907 pretium
1042 1828 1109 1898 est,
1136 1827 1208 1884 tam
1233 1816 1354 1883 multae

235 1959 275 2002 ac
295 1934 404 2004 variae
424 1933 652 2013 exstiterunt,
676 1942 714 1997 ut
729 1953 864 1997 annum
879 1931 956 1998 fere
972 1943 1087 1998 totum
1098 1931 1349 2002 absumerent.

235 2051 332 2139 Quin
358 2050 473 2118 eteis
499 2048 647 2117 tandem
675 2045 877 2137 explicatiS,
904 2070 985 2113 cum
1010 2047 1082 2138 jam
1112 2046 1227 2115 codex
1259 2049 1355 2138 typis

235 2166 479 2246 mandaretur,
502 2163 582 2232 aliae
599 2163 753 2230 minoris
768 2161 916 2253 quidem
929 2163 1103 2229 momenti
1130 2162 1352 2246 incidebant,

234 2306 324 2374 quas
352 2281 396 2348 ad
423 2278 669 2371 explanandas
698 2301 772 2345 non
800 2278 888 2345 satis
915 2290 1148 2370 perspectum
1177 2278 1353 2345 habebam

234 2396 322 2488 quid
347 2396 418 2463 sibi
442 2397 521 2488 ipse
548 2395 681 2464 Paulus
707 2398 898 2465 Couvreur
919 2396 1206 2487 proposuisset¹.
1232 2399 1272 2463 ln
1298 2395 1354 2462 his

234 2523 352 2579 autem
383 2509 658 2578 discriminibus
692 2532 888 2600 numquam
919 2510 1007 2577 mihi
1041 2510 1157 2578 defuit
1195 2511 1354 2602 optimus

234 2626 296 2694 ille
320 2627 376 2695 vir
398 2626 568 2718 idemque
594 2626 830 2694 doctissimus
856 2629 1146 2713 Desrousseaux,
1170 2628 1244 2718 qui,
1272 2651 1352 2695 cum

235 2755 428 2833 uirumque
454 2754 620 2810 nostrum
642 2765 782 2809 summa
807 2764 953 2832 semper
975 2755 1074 2811 esset
1097 2742 1353 2811 benevolentia

234 2870 464 2950 prosecutus,
504 2869 580 2925 tum
610 2857 813 2948 praesertim
844 2880 901 2923 me
936 2857 1095 2950 benigne
1130 2860 1282 2950 excepit,
1318 2872 1354 2926 et

235 2974 412 3065 expedita,
436 2985 475 3040 ut
494 2974 541 3041 ita
563 2972 693 3052 dicam,
714 2973 922 3040 eruditione
946 2975 1072 3058 fretus,
1092 2999 1133 3042 ea
1156 2974 1243 3041 mihi
1266 3000 1353 3067 sup·

234 3090 408 3181 peditavit
422 3113 503 3181 quae
517 3089 696 3157 obstantia
712 3087 958 3158 sublevarent.
970 3090 1131 3158 Gratiam
1141 3115 1228 3159 vero
1245 3116 1352 3183 quam

234 3208 424 3275 maximam
445 3204 561 3273 habeo
578 3228 700 3272 rerum
715 3206 1030 3296 grammaticarum
1047 3207 1296 3275 eruditissimo
1318 3221 1354 3276 et

234 3328 271 3393 in
291 3338 455 3393 veterum
477 3324 643 3391 codicum
666 3321 905 3417 dispiciendis
921 3324 1112 3415 scripturis
1128 3326 1351 3415 peritissimo
1440 3388 1443 3395 Δ

233 3447 312 3513 viro
331 3442 483 3512 Alsredo
502 3439 626 3510 Jacob.
655 3438 719 3507 llle
740 3440 850 3521 enim,
873 3463 919 3507 ne
940 3438 1028 3531 quid
1054 3438 1237 3531 legentem
1258 3445 1352 3509 Pau-

234 3561 308 3629 lum
325 3557 731 3636 Couvreursesellisset,
745 3557 909 3625 codicem
927 3558 1128 3626 Parisinum
1147 3560 1232 3628 1810
1248 3584 1352 3628 accu-

269 3755 296 3810 1.
317 3754 450 3817 Quarum
469 3750 677 3806 difficultatum
698 3766 759 3806 una
776 3766 812 3806 ex
833 3765 865 3806 eo
883 3750 1030 3807 oriebatur
1051 3753 1138 3824 quod,
1154 3770 1221 3809 cum
1239 3755 1351 3814 Paulus

234 3836 383 3893 Couvreur
397 3833 585 3904 inapparatu
600 3832 702 3888 critico
714 3830 860 3887 nonnulla
873 3831 1023 3888 adnotaret
1037 3849 1101 3903 quae
1115 3834 1152 3889 ad
1164 3838 1349 3905 posteriorem

232 3916 326 3987 operis
341 3919 455 3986 partem
470 3916 643 3983 spectarent,
660 3913 821 3983 typothetis
837 3928 893 3967 non
910 3914 981 3968 satis
998 3915 1087 3969 multi
1107 3916 1139 3970 iu
1154 3923 1256 3986 praesto
1269 3926 1352 3974 erant

181 4029 183 4033 ·
233 3996 299 4067 typi
313 3999 345 4050 ut
354 3993 485 4063 amplius
494 4007 584 4063 quam
597 3991 722 4046 sedecim
737 3990 783 4046 vel
796 3992 918 4064 triginta
928 3992 985 4048 duo
997 3996 1120 4064 paginas
1130 3994 1221 4052 simul
1234 4013 1350 4069 compo-

232 4078 303 4131 sitas
320 4072 469 4129 baberent.
491 4073 738 4142 Quotiescumque
754 4087 788 4126 ex
808 4074 861 4127 hoc
882 4089 979 4129 rerum
998 4080 1076 4129 statu
1095 4091 1152 4130 non
1171 4077 1248 4133 mibi
1267 4081 1351 4150 copia

232 4161 293 4212 erat
306 4155 403 4210 locum
424 4154 455 4208 in
474 4157 618 4224 apparatu
636 4153 739 4208 critico
761 4153 913 4209 laudatum
933 4153 1019 4224 plane
1042 4169 1076 4209 ac
1099 4155 1227 4213 dilucide
1246 4160 1349 4214 statim

232 4235 416 4308 designandi,
438 4248 560 4290 numero
576 4239 693 4289 tantum
716 4238 823 4300 notato,
842 4250 901 4289 rem
921 4233 958 4290 ad
977 4236 1087 4291 calcem
1101 4236 1205 4293 dimisi
1218 4238 1279 4306 ubi,
1296 4239 1350 4295 sub

232 4316 319 4373 titulo
334 4312 484 4371 Addeadu
501 4317 528 4368 ct
543 4312 734 4386 corripoadu,
754 4314 851 4370 eodem
869 4331 991 4370 numero
1008 4316 1118 4384 iterato,
1137 4317 1222 4373 facile
1238 4321 1350 4391 paginae

230 4404 259 4454 et
272 4413 371 4453 versus
384 4397 564 4451 mentionem
580 4396 715 4466 reperies.

266 4477 293 4534 2.
307 4475 421 4533 Indicis
435 4477 537 4540 etiam,
551 4476 637 4547 cujus
651 4477 759 4546 passim
777 4477 808 4530 in
824 4481 965 4548 apparatu
978 4478 1080 4533 critico
1093 4480 1204 4535 mentio
1215 4487 1258 4536 est
1272 4482 1350 4537 iacta

229 4565 258 4616 et
271 4575 358 4632 quem
371 4573 439 4614 cum
454 4559 551 4614 codice
563 4557 754 4612 commissum
770 4558 860 4612 tuisse
873 4560 1034 4629 typothetis
1048 4561 1125 4614 mihi
1137 4576 1347 4630 persuaseram,

229 4657 298 4699 cum
314 4640 399 4698 nulla
410 4643 558 4696 exstarent
573 4637 705 4708 vestigia,
722 4638 800 4692 hanc
814 4638 908 4709 operis
922 4644 1034 4710 partem
1049 4639 1083 4695 de
1098 4644 1347 4715 meocomcripsi.
