3150 5504
332 502 378 552 106
403 530 406 538 ,
702 493 842 544 Ενιιιιοι
863 493 1060 545 ψιιιοεοσοι

231 654 298 722 [110]
330 650 361 707 τό
377 653 425 722 ζῆν
446 649 635 731 (ἅνθρωπος
652 651 713 730 γάρ
733 651 905 732 ἄνθρωπον
926 659 1026 731 γεννᾷ
1046 654 1100 709 καὶ
1121 652 1245 734 ἥλιος),
1266 653 1337 711 ἔστιν
1357 654 1374 710 ἀ
1391 652 1454 733 παρ’

327 750 431 806 έαυτιῖιν
450 746 508 830 ἔχει
526 751 557 806 τὸ
574 753 633 825 ζῆν,
651 750 741 830 ὥσπερ
757 749 789 822 δὴ
805 749 889 808 πόλιν
905 753 919 808 6
939 752 1051 828 οὐρανὸς
1067 754 1112 808 καὶ
1127 753 1141 808 6
1157 758 1219 815 νοῦς
1236 750 1280 831 (οὐ
1298 753 1349 832 γὰρ
1364 751 1452 810 έπείσ·

328 869 408 904 ακτον
423 845 495 930 ἔχειν
514 848 623 925 αὐτοὺς,
645 847 719 905 ἀλλά
737 857 845 930 συμφυᾶ
863 853 913 921 τὴν
932 849 1030 927 ζωήνί·
1051 851 1097 907 καὶ
1112 849 1194 907 πάλιν
1212 852 1250 915 ὡς
1268 850 1311 908 έπί
1327 857 1374 908 τοό
1393 857 1451 927 νοῦ,

328 936 414 995 όντων
435 938 453 995 ἀ
471 937 533 1018 παρ’
555 936 650 995 ἀλλων
670 938 848 1019 καταδέχεται
870 941 901 996 τὸ
922 947 994 998 νοεῖν
1015 943 1061 998 καὶ
1081 943 1195 1012 νοητικά
1212 942 1343 1019 γίνονται,
1365 942 1454 1020 ὥσπερ

281 1051 296 1099 5
328 1036 342 1091 6
358 1033 471 1111 δυνάμει
485 1040 545 1101 νοῦς
563 1034 623 1091 καθ’
638 1036 730 1108 αὑτὸν,
749 1033 820 1093 έστιν
839 1039 853 1093 6
873 1035 996 1116 ἐνεργείᾳ
1016 1044 1077 1101 νοῦς
1097 1040 1128 1101 ὃς
1148 1037 1211 1117 παρ’
1230 1039 1325 1096 ἑαυτοῦ
1344 1035 1403 1118 ἔχει
1421 1040 1454 1095 τό

328 1140 398 1190 νοεῖν
416 1134 461 1190 καί
481 1134 574 1190 ἑαυτὸν
595 1140 663 1191 νοεῖ·
681 1135 753 1191 οὕτω
773 1133 806 1205 δὴ
828 1132 905 1199 ὄντος
919 1142 967 1193 τοῦ
987 1135 1028 1216 ὑφ’
1048 1137 1140 1214 έτέρου
1156 1136 1329 1212 κινουμένου,
1348 1138 1453 1215 ἀνάγκη

327 1232 455 1290 εἶναικαὶ
471 1234 485 1289 6
501 1234 585 1311 ἑαυτῷ
600 1230 690 1289 αίτιόν
706 1232 760 1290 έστι
773 1239 822 1290 τοῦ
837 1237 971 1291 κινεῖσθαι
985 1236 1031 1292 καί
1047 1237 1134 1309 ἑαυτῷ
1152 1241 1233 1292 τοῦτο
1251 1242 1382 1316 χορηγεῖ,
1403 1237 1454 1292 Καὶ

327 1331 379 1410 γὰρ
394 1329 486 1395 ἄλλως
502 1330 602 1410 ἄλογον
617 1332 730 1389 ἀπὸτοῦ
746 1334 934 1411 έτεροκινιότου
949 1333 992 1390 έπὶ
1005 1334 1036 1390 τὸ
1054 1334 1181 1405 ἀκίνητον
1195 1335 1282 1410 πάντη
1298 1334 1393 1410 ἐλθεῖν,
1414 1336 1453 1409 μὴ

329 1427 429 1505 μεταξὺ
444 1431 474 1486 τὸ
491 1430 667 1503 αὐτοκίνητον
680 1427 887 1511 παραλαδόντας
902 1431 993 1511 ὥσπερ
1008 1430 1108 1511 ἄλογον
1123 1433 1176 1489 ἀπὸ
1188 1438 1236 1489 τοῦ
1248 1434 1392 1511 γινομένου
1407 1434 1454 1490 καί

265 1543 296 1593 10
327 1551 393 1587 ποτε
412 1527 489 1596 ὄντος
510 1530 551 1587 ἐπὶ
568 1531 599 1587 τό
619 1532 657 1605 μὴ
677 1528 708 1586 δν
727 1530 757 1586 τὸ
778 1530 937 1609 ὑπεροάσιον
951 1527 1052 1602 ἐλθεῖν,
1071 1533 1110 1606 μη
1128 1525 1227 1607 μεταξὺ
1241 1534 1272 1590 τὸ
1288 1531 1319 1588 δν
1333 1533 1453 1613 παραλα·

327 1624 435 1694 δόντας·
449 1626 552 1701 ἀδηλον
565 1630 616 1708 γάρ
631 1624 705 1686 ’ἔσται
719 1636 801 1685 ποῖον
815 1630 853 1704 μὴ
868 1627 898 1684 δν
910 1625 1177 1706 παραλαμθένομεν,
1189 1632 1305 1712 πότερον
1318 1631 1348 1688 τὸ
1361 1640 1455 1713 χεῖρον

327 1733 374 1784 τοῦ
390 1726 532 1806 γινομένου
547 1727 564 1798 ἢ
581 1728 611 1784 τὸ
625 1734 761 1808 κρεῖττον,
778 1733 825 1784 τοῦ
841 1722 945 1802 μεταξὺ
963 1728 1001 1803 μὴ
1016 1727 1251 1809 παραληφθέντος,
1269 1731 1335 1809 ὅπερ
1353 1730 1407 1787 ἐστὶ
1422 1731 1454 1786 τό

328 1827 370 1883 ἀεὶ
384 1823 426 1882 ἀν’
443 1827 515 1882 οὕτω
532 1824 564 1897 δὴ
579 1828 625 1882 καὶ
639 1826 682 1883 έπί
695 1828 827 1898 κινήσεως
841 1824 946 1898 ἀίδηλον
965 1824 1038 1883 ἔσται
1056 1834 1136 1885 ποῖον
1156 1828 1284 1901 ἀκίνητον
1304 1829 1453 1908 παραλαμ-

328 1921 460 2000 ὅάνομεν,
481 1925 595 2002 πότερον
613 1925 645 1980 τὸ
663 1923 870 2004 καταδεέστερον
890 1929 938 1980 τοῦ
955 1926 1142 2003 έτεροκινιότου
1159 1928 1176 1997 ἢ
1192 1928 1223 1983 τδ
1239 1926 1394 2007 ὑπέρτερον,
1413 1929 1452 2001 μὴ

265 2034 296 2083 15
329 2017 431 2097 μεταξὺ
444 2027 492 2079 τοῦ
507 2022 684 2094 αὐτοκινήτου
698 2019 936 2103 παραληφθέντος·
953 2023 1059 2099 ὁμοίως
1076 2022 1108 2096 δὴ
1124 2025 1226 2082 καὶέπὶ
1246 2029 1320 2097 ζωῆς
1339 2026 1386 2082 καὶ
1406 2031 1455 2083 νοῦ

327 2124 440 2179 καὶτῶν
457 2119 563 2180 ἀλλων.

366 2221 439 2291 Δθτη
456 2226 521 2298 γοῦν
539 2223 557 2291 ἡ
574 2219 753 2291 αότοκίνητος
772 2218 879 2291 κίνησις
899 2222 943 2277 καὶ
963 2221 990 2278 έν
1010 2226 1068 2286 τοῖς
1087 2222 1210 2296 Νόμοις
1232 2223 1282 2279 ὑπὸ
1303 2227 1351 2279 τοῦ
1373 2222 1455 2303 φιλο-

327 2318 410 2399 σόφου
422 2318 517 2397 πρώτη
533 2323 627 2374 πασῶν
640 2320 686 2374 καὶ
700 2319 771 2398 ἀρχή
787 2324 841 2375 τῶν
857 2316 951 2375 ἀλλων
963 2322 1098 2392 κινήσεων
1114 2317 1310 2391 ἀποδέδεικται,
1323 2321 1369 2377 καὶ
1383 2321 1455 2377 αἰτία

327 2416 394 2472 κατὰ
405 2416 492 2474 πάντα
503 2417 536 2472 τά
547 2415 739 2492 σημαινόμενα
753 2425 803 2488 τῆς
815 2416 915 2482 αἰτίας.
934 2420 982 2474 Καὶ
994 2418 1046 2497 γὰρ
1060 2419 1189 2490 ποιητικὴ
1205 2419 1250 2474 καὶ
1264 2417 1455 2498 παραδειγμα·

265 2527 297 2576 110
328 2517 389 2586 τική
410 2517 456 2571 καὶ
475 2513 570 2586 τελική
594 2514 683 2571 αὐτῶν
704 2514 777 2571 αίτία
797 2515 838 2594 (αί
855 2517 899 2572 καὶ
920 2516 1002 2592 μόναι
1022 2517 1121 2596 κυρίως
1144 2518 1210 2574 είσῖν
1232 2519 1326 2574 αίτίαι·
1348 2519 1380 2574 τό
1402 2520 1455 2597 γὰρ

328 2612 425 2672 εἰδικόν
440 2613 512 2670 ἐν’
483 2620 555 2688 αυτῷ
570 2613 626 2670 έστι
640 2619 679 2686 τῷ
694 2612 896 2691 ἀποτελέσματι
916 2617 960 2671 καὶ
975 2615 1041 2672 αιἰτό
1056 2616 1111 2673 ἐστι
1124 2618 1156 2674 τὸ
1173 2616 1360 2692 ἀποτέλεσμα,
1378 2619 1409 2674 τό
1425 2616 1455 2674 δὲ

328 2708 449 2768 ὑλικὸν”
435 2733 475 2768 ετι
488 2710 569 2768 πλέον
583 2711 677 2790 πόρρω
692 2711 747 2770 ἐστὶ
763 2718 810 2769 τοῦ
824 2713 922 2794 κυρίως
937 2713 1009 2772 αίτία
1022 2714 1102 2771 εἶναι·
1121 2715 1241 2793 τῶνγὰρ
1261 2715 1300 2769 ὧν
1320 2714 1370 2771 οὐκ
1391 2713 1455 2771 ἀνευ

328 2810 412 2888 λόγον
428 2809 543 2890 ἀπέχει).
561 2807 621 2866 Ὅτι
637 2811 685 2884 μέν
705 2811 751 2868 οίιν
769 2815 899 2884 ποιητικὴ
917 2811 989 2869 αίτία
1008 2812 1063 2869 ἐστὶ
1081 2796 1136 2869 τῖον
1156 2811 1251 2869 ἀλλων
1269 2814 1403 2884 κινήσεων
1421 2815 1453 2870 τὸ

328 2907 503 2980 αὐτοκίνητον
524 2905 619 2980 δῆλον,
643 2909 680 2973 ὡς
701 2909 780 3016 αφτὸς
798 2909 825 2965 έν
847 2910 972 2985 Νόμοις
995 2908 1190 2967 ἀποδείκνυσιν·
1218 2912 1245 2967 εἰ
1267 2911 1318 2991 γὰρ
1342 2912 1452 2982 σταίη,

265 3026 295 3076 25
328 3008 405 3087 φησί,
421 3007 458 3062 τά
471 3006 587 3079 πάντα,
600 3013 680 3063 ποῖον
694 3013 803 3086 πρῶτον
817 3009 992 3080 κινηθήσεται
998 3032 1006 3081 ;
1022 3011 1040 3079 ἦ
1057 3006 1144 3080 δῆλον
1157 3009 1198 3065 ὅτι
1213 3010 1243 3065 τό
1261 3008 1452 3081 αὐτοκίνητον·

329 3106 351 3161 εἶ
364 3104 414 3183 γὰρ
435 3105 465 3161 τὸ
483 3102 636 3176 πλησιάζον
655 3110 694 3178 τῷ
714 3111 846 3179 κινητικῷ
868 3107 945 3180 αἰτίῳ
965 3113 1092 3179 κινεῖται,
1115 3105 1245 3178 δηλονότι
1265 3107 1374 3164 πάντων
1397 3112 1454 3163 τῶν

327 3199 413 3258 ὄντων
430 3203 625 3281 ἑτεροκινήτων
640 3200 736 3277 ὅντων,
753 3208 800 3259 τοῦ
817 3201 845 3259 δὲ
862 3203 1040 3276 αὐτοκινήτου
1055 3204 1082 3261 έν
1097 3207 1183 3279 έαυτῷ
1197 3201 1310 3284 ἔχοντος
1326 3205 1357 3260 τό
1377 3226 1456 3275 κινη-

328 3301 401 3357 τικὸν
420 3302 465 3357 καὶ
486 3301 543 3381 οὐχ,
558 3299 651 3366 ἀπλῶς
670 3301 870 3373 πλησιάζοντος
889 3305 956 3382 πρὸς
980 3302 1055 3376 αὐτὸ,
1078 3301 1143 3361 ἀλλ’
1163 3304 1318 3378 ἡνωμένου,
1346 3302 1455 3378 μᾶλλον

328 3396 356 3454 δέ
376 3398 470 3455 οόσίαν
493 3397 605 3479 ἔχοντος
627 3400 814 3470 τὴνκίνησιν,
837 3399 922 3472 δῆλον
947 3401 985 3466 ὡς
1010 3401 1074 3458 αὐτὸ
1098 3406 1207 3480 πρῶτον
1230 3399 1338 3472 κινηθὲν
1361 3398 1455 3456 τᾶλλα

265 3515 297 3565 ³0
326 3498 442 3568 κινήσει,
459 3495 561 3577 Ὥσπερ
579 3498 629 3576 γὰρ
647 3499 669 3555 εἰ
686 3499 700 3554 6
720 3497 799 3569 ἥλιος
817 3502 855 3574 μὴ
871 3497 945 3556 ἔδυνε
959 3501 1004 3556 καὶ
1019 3498 1164 3558 ἀνέτελλεν
1179 3497 1243 3558 ἀλλ’
1259 3499 1387 3571 ἀκίνητος
1403 3501 1453 3571 ἧν,

327 3792 374 3916 89}
388 3794 527 3913 imm
547 3788 580 3840 de
600 3790 697 3840 natur.
720 3788 890 3849 ausast&
915 3788 943 3839 11
1008 3788 1037 3838 17
1054 3788 1158 3854 Lem
1176 3788 1224 3839 891
1246 3789 1270 3838 D
1334 3787 1454 3840 111111.

360 4000 421 4052 TIT
438 4000 468 4051 17
485 4003 501 4064 ἠ
516 3999 676 4065 αύτοκίνητσς
689 4002 787 4061 κίνησις
802 4000 868 4050 αἰτία
880 3999 945 4051 κατά
959 3997 1040 4050 πάντα
1053 3999 1085 4052 τά
1097 4002 1270 4064 σημαινόμενα
1281 4007 1325 4063 τῆς
1336 4001 1418 4059 αίτίας
1433 3999 1455 4049 C

360 4148 408 4200 ΝΟ
423 4149 437 4199 1
456 4150 521 4201 ἔστιν
536 4147 632 4237 scripsi
646 4147 708 4198 coll.
727 4147 782 4209 105,
796 4146 829 4197 24
844 4161 849 4195 :
866 4149 917 4199 ’ἐστι
931 4149 952 4198 δ’
967 4148 1029 4198 libri
1109 4149 1123 4197 ³
1141 4153 1175 4208 ὡς
1189 4151 1228 4201 ἐπὶ
1243 4153 1286 4201 τοῦ
1301 4153 1356 4210 νοῦ,
1372 4150 1454 4201 ὅντων

328 4220 446 4284 scripsi
467 4239 552 4287 ωσπερ
567 4239 610 4270 ον
611 4239 646 4269 ων
664 4218 727 4268 libri
789 4220 875 4269 suar
893 4219 998 4269 aima
1060 4219 1222 4288 ἶὸεαυτῷί
1239 4220 1253 4271 6
1271 4221 1338 4289 αὐτῷ
1359 4221 1388 4269 Μ

327 4293 383 4343 9111
397 4291 427 4341 10
448 4293 625 4358 παραλαθόντα
645 4290 673 4338 Μ
737 4290 769 4339 10
790 4292 849 4341 ποτέ
868 4292 891 4339 Α
956 4289 986 4339 12
1008 4289 1040 4354 μὴ
1063 4304 1115 4340 om.
1140 4293 1168 4341 M
1235 4293 1306 4341 14
1285 4311 1312 4342 το
1331 4296 1455 4355 postico*-

328 4381 398 4429 τερον
419 4376 474 4413 om
495 4363 523 4411 M
591 4363 675 4412 151111
694 4369 736 4425 τῆς
758 4368 822 4425 ζωῆς
845 4361 872 4409 Μ
938 4361 969 4410 16
986 4380 1034 4412 των
1054 4376 1109 4412 om
1130 4362 1159 4411 M
1203 4350 1404 4428 ’17γοῦν]οὖν
1424 4364 1453 4413 Μ

391 4434 559 4497 αυτοκίνησις,
580 4432 629 4482 sed
649 4452 675 4490 ος
692 4432 782 4483 statim
799 4444 936 4495 suprascr.
956 4434 980 4480 A
1044 4433 1118 4484 2016
1139 4434 1223 4485 E¹M:
1245 4437 1265 4485 11
1286 4432 1390 4495 1111111)

328 4504 359 4554 22
376 4503 512 4568 sumaim
577 4506 653 4555 πλέον
665 4517 698 4553 ex
710 4504 820 4554 emend
832 4506 856 4553 Α
920 4501 954 4552 de
967 4505 1061 4554 verbis
1070 4525 1118 4556 των
1132 4526 1166 4555 ων
1178 4526 1225 4557 ουκ
1237 4508 1295 4557 ανιυ
1310 4505 1346 4555 ci.
1358 4503 1456 4557 Otr-u

330 4589 405 4626 Pron.
421 4576 448 4625 in
469 4574 603 4625 Phaedon
623 4574 839 4634 84‚19Finckh
903 4570 1029 4625 29τ111α
1045 4579 1070 4625 A
1090 4577 1205 4628 ursolet
1267 4576 1299 4626 30
1315 4577 1408 4629 :rom
1425 4579 1454 4629 M

330 4647 397 4713 (jam
411 4652 567 4699 correxerat
580 4650 649 4708 Asr)
