3164 5512
309 447 355 496 ιιι
646 411 649 417 ’
689 437 838 488 Ευιιειοι
852 437 1049 488 σιιουοοοι

177 612 178 615 ’
211 603 285 668 [1791.
310 598 359 673 ὁρᾷ
375 596 413 658 ῶς
428 595 473 651 καὶ
494 593 520 650 έν
538 597 705 669 Θεαιτήτῳ
720 594 780 652 είπε
794 595 915 674 περὶτοῦ
930 594 1085 675 κορυφαίου·
1102 597 1177 654 οὗτοι
1193 596 1238 654 ούν
1253 601 1279 655 οί
1295 598 1432 678 ἄνθρωποι
1451 630 1454 636 ·

309 698 362 748 τῶν
375 693 509 764 αἰσθητῶν
523 694 773 771 καταφρονήσαντες
787 691 945 772 ἀνήχθησαν
961 691 1178 769 ἐκπληττόμενοι
1191 688 1241 768 τῆν
1254 697 1332 754 θείαν
1345 700 1430 775 ἁρμο-

308 790 375 848 νίαν.
392 824 431 832 -
446 785 491 854 Ἐξ
507 790 550 844 ῶν
566 786 593 843 δὲ
606 793 670 843 ,τῶν
684 786 855 869 τεττίγων,
871 786 967 861 δῆλον,
983 790 1118 846 τουτέστιν
1134 793 1161 847 αί
1175 793 1260 873 ψυχαί
1272 794 1352 848 αὗται
1365 814 1431 868 μου·

310 890 377 945 σικαί
394 888 514 965 έγένοντο
531 887 576 942 καί
594 887 656 942 θεοί
672 907 752 950 τινες.
773 921 811 929 -
829 886 864 942 Τὸ
883 885 911 943 δὲ
930 888 1027 966 γέρας
1047 894 1155 945 τοῦτο·
1179 890 1260 968 λύγος
1280 887 1432 963 <έστιν>

262 996 276 1042 5
310 987 350 1042 δἐι
370 988 414 1041 καί
437 987 462 1041 οί
484 984 601 1061 τέττιγες
624 984 655 1040 ού
678 981 782 1040 δέονται
802 992 925 1064 τροφῆς
946 982 1010 1041 ἀλλ’
1033 986 1174 1065 ἀρκοῦνται
1192 993 1226 1064 τῇ
1246 988 1345 1069 δρόσῳ·
1367 993 1384 1059 ἡ
1405 987 1432 1045 δὲ

309 1085 415 1164 θεωρία
436 1083 476 1138 δτι
499 1083 512 1138 ὁ
534 1081 600 1138 κατα
622 1086 681 1137 νοῦν
704 1084 755 1149 ζῶν
777 1084 821 1138 καί
841 1080 1004 1162 φιλόμουσος
1025 1085 1070 1139 καὶ
1090 1083 1238 1165 φιλόσοφος
1262 1085 1431 1163 βουλόμενος

309 1185 462 1263 ἀναχθῆναι
475 1181 541 1260 πρὸς
554 1180 618 1244 τοὺς
634 1179 716 1244 θεοὺς
732 1180 763 1235 ού
781 1178 866 1236 δεῖται
880 1188 930 1251 τῆς
945 1180 1098 1255 ἐπιμελείας
1111 1190 1159 1239 τοῦ
1177 1184 1305 1258 σώματος
1321 1185 1366 1240 καὶ
1382 1193 1431 1254 τῆς

310 1288 465 1356 σωματικῆς
482 1281 564 1350 ζωῆς,
582 1276 648 1334 ἀλλὰ
663 1275 738 1334 οὐδὲν
752 1281 858 1355 ἡγεῖται
873 1277 969 1349 αύτὴν,
987 1278 1133 1350 ἀποστῆναι
1149 1281 1236 1353 αὐτῆς
1251 1280 1430 1359 βουλόμενος·

311 1379 415 1455 μελετᾷ
430 1380 480 1457 γὰρ
500 1373 630 1447 θάνατον,
647 1376 781 1433 τουτέστιν
796 1377 940 1432 ἀπόστασιν
955 1377 1053 1448 ταύτης
1069 1386 1119 1449 τῆς
1136 1382 1221 1450 ζωῆς·
1244 1379 1301 1437 οίδε
1321 1381 1373 1459 γὰρ
1393 1381 1432 1437 ὅτι

195 1529 198 1536 .
247 1485 278 1533 10
309 1479 375 1557 πρὸς
402 1474 484 1557 ’σ’χλον
508 1475 577 1552 αύτῷ
600 1475 654 1531 έστι
674 1475 704 1530 τὸ
726 1480 818 1550 σῶμα,
841 1475 876 1530 Τὸ
899 1473 927 1530 δὲ
948 1476 1046 1554 γέρας
1068 1477 1098 1531 τὸ
1121 1471 1221 1533 ὀπαδὸν
1243 1480 1367 1556 γενέσθαι
1386 1485 1432 1535 τοῦ

308 1575 408 1632 οἰκείου
426 1578 505 1630 θεοῦ·
522 1571 612 1636 καθὼς
630 1570 658 1627 δὲ
672 1570 726 1644 ήδη
745 1563 860 1646 είίισμεν
880 1572 921 1627 ὅτι
940 1571 968 1629 ἐν
987 1572 1034 1650 τῷ
1046 1575 1227 1648 Συμποσίῳ
1247 1575 1322 1632 εἶπεν
1339 1570 1381 1632 δ’τι
1399 1577 1432 1632 τὸ

309 1674 485 1748 δαιμδνισν
508 1679 569 1729 πᾶν
593 1670 716 1745 μεταξύ
740 1671 809 1728 ἐστι
832 1676 907 1728 θεῶν
930 1674 975 1727 καὶ
998 1672 1157 1751 ἀνθρώπων,
1184 1672 1433 1753 διαπυρθμεῦον

309 1772 342 1829 τὰ
358 1773 478 1850 ἡμέτερα
492 1770 560 1848 πρὸς
576 1769 636 1833 τοὺς
650 1770 744 1832 θεούς·
762 1767 860 1825 εἰδέναι
876 1762 904 1825 δέ
922 1767 962 1826 δεῖ
976 1769 1018 1825 δτι
1031 1770 1062 1825 τὸ
1080 1771 1129 1845 μὲν
1149 1778 1227 1828 θεῖον
1242 1772 1354 1847 θμέσως
1370 1780 1434 1829 πᾶσι

309 1870 448 1948 πάρεστιν,
473 1871 555 1942 ἡμεῖς
580 1864 608 1922 δὲ
631 1864 738 1939 ἀμέσως
766 1873 805 1940 τῳ
830 1867 898 1941 θείῳ
923 1871 1087 1946 συνοφθῆναι
1111 1868 1142 1924 ού
1169 1867 1304 1945 δυνάμεθα
1329 1873 1368 1944 μὴ
1393 1869 1433 1926 διὰ

248 1972 278 2022 15
312 1969 394 2043 μέσου
408 1966 492 2037 τινὸς,
510 1968 569 2022 οἷον
583 1970 630 2021 τοῦ
646 1962 798 2040 δαιμονίου,
817 1965 906 2044 ὥσπερ
921 1964 963 2021 έπῖ
981 1972 1029 2022 τοῦ
1045 1968 1134 2046 φωτὸς
1152 1966 1270 2041 δεόμεθα
1289 1975 1336 2025 τοῦ
1357 1969 1432 2047 ἀέρος

309 2072 357 2123 τοῦ
373 2064 553 2127 διακινοῦντος
569 2067 637 2137 ἡμῖν
649 2063 680 2118 τὸ
696 2068 761 2143 φῶς.
777 2061 811 2119 “0
827 2061 899 2141 λέγει
914 2062 960 2120 ούν
976 2063 1063 2120 αὐτῶν
1077 2065 1174 2144 γέρας
1188 2066 1267 2122 τοῦτό
1284 2066 1365 2137 ἐστιν,
1382 2067 1433 2136 θ’τι,

312 2166 403 2245 φησὶν,
424 2160 504 2243 [ὅπη]
522 2164 548 2218 οἱ
569 2159 697 2236 δαίμονες
713 2163 730 2233 ἡ
747 2164 774 2218 αἱ
787 2163 871 2243 ψυχαὶ
887 2160 1009 2218 ἐλθοῦσαι
1021 2164 1093 2241 παρὰ
1107 2164 1213 2227 Μούσας
1229 2163 1435 2242 ἀπαγγέλλουσι

310 2263 358 2327 τὰς
380 2261 492 2328 εύζωίας
513 2262 557 2316 καί
574 2259 730 2326 ’κακοζωίας
751 2265 805 2316 τῶν
824 2260 982 2339 ἀνθρώπων,
1003 2261 1044 2323 τίς
1064 2261 1124 2317 τίνα
1143 2268 1197 2318 τῶν
1216 2268 1290 2319 θεῶν
1306 2262 1434 2336 ἐτίμησεν

294 2359 388 2432 ’ἡού

251 2549 283 2598 ‘20
356 2533 415 2611 ριθ’.
438 2523 634 2610 Τερψιχόρᾳ]
658 2530 716 2587 259
738 2528 774 2588 C.

353 2682 570 2763 Ἀπαγγέλλουσι
582 2682 610 2739 δὲ
621 2684 735 2764 χορείαν
746 2682 799 2763 οὐχ
808 2682 867 2739 οίαν
881 2685 908 2740 οί
923 2685 1056 2763 ὀρχησταὶ
1071 2684 1227 2764 ὀρχοῦνται·
1238 2681 1436 2761 καταγέλαστος

311 2786 360 2863 γὰρ
380 2784 459 2855 αὕτη·
480 2783 532 2847 εἰσὶ
552 2780 580 2838 δὲ
599 2788 674 2838 θεῖαι
692 2789 808 2860 χορεῖαι·
829 2787 935 2858 πρῶτον
954 2783 1002 2857 μὲν
1023 2786 1041 2853 ἡ
1063 2782 1118 2838 τῶν
1137 2787 1222 2855 θεῶν,
1239 2779 1330 2838 ἔπειτα
1349 2784 1436 2851 ἡτῶν

214 2909 240 2959 p.
250 2871 297 2944 180
313 2886 408 2963 ψυχῶν
420 2887 472 2938 τῶν
487 2881 583 2952 θείων,
598 2877 691 2936 ἔπειτα
705 2878 733 2936 δὲ
747 2884 765 2951 ἡ
781 2885 833 2936 τῶν
848 2879 906 2936 κατ’
922 2880 1032 2959 ούρανὸν
1047 2885 1120 2937 θεῶν
1134 2878 1323 2961 περιΙπόλησις
1338 2880 1437 2959 χορεία

312 2981 429 3059 λέγεται,
451 2983 484 3050 ἡν
504 2979 530 3034 οἱ
550 2979 616 3033 έπτά
635 2979 696 3034 θεοὶ
714 2980 758 3033 καὶ
778 2980 803 3032 οί
823 2975 951 3041 ἀπλανεῖς
969 2978 1137 3058 χορεύουσιν·
1154 2972 1245 3033 ἐ’πειτα
1262 2978 1307 3033 καὶ
1325 2976 1436 3033 ἐνταῦθα

249 3092 279 3141 25
314 3083 339 3137 οἱ
354 3078 514 3155 τελούμενοι
529 3081 586 3138 τοῖς
602 3082 681 3138 θεοῖς
696 3074 808 3155 χορείαν
822 3075 879 3130 τινὰ
893 3073 1069 3132 ἀποτελοῦσιν
1086 3069 1113 3131 έν
1127 3081 1188 3138 τοῖς
1205 3075 1375 3153 μυστηρίοις·
1391 3075 1435 3131 καίΙ

313 3183 331 3250 ἡ
350 3185 421 3233 πᾶσα
440 3174 468 3232 δὲ
489 3176 545 3243 ζωὴ
565 3179 613 3230 τοῦ
632 3173 781 3254 φιλοσόφου
800 3174 894 3252 χορεία
914 3173 977 3232 ἐστί.
995 3207 1033 3217 -
1051 3173 1238 3254 Τερψιχόρα
1258 3172 1306 3229 οὖν
1326 3173 1397 3230 ἐστιν
1418 3176 1435 3243 ἡ

312 3276 401 3346 πάσης
418 3272 530 3355 χορείας
546 3271 653 3352 ἔφορος.
672 3273 749 3335 Τίνες
764 3270 810 3327 ούν
826 3274 851 3327 οί
867 3277 999 3346 τιμῶντες
1018 3271 1044 3327 ἐν
1059 3276 1093 3346 τῇ
1108 3270 1207 3351 χορεία
1224 3272 1269 3327 τὸν
1285 3271 1368 3343 θεόν;
1386 3270 1438 3350 οὐχ

314 3377 340 3432 οἰ
362 3371 452 3436 καλῶς
473 3372 647 3451 ὀρχούμενοι,
673 3369 736 3427 ἀλλ’
759 3373 785 3427 οί
808 3369 900 3434 καλῶς
924 3368 1067 3436 διαζῶντες
1091 3370 1137 3426 τὸν
1161 3370 1274 3426 ἐνταῦθα
1299 3370 1371 3446 βίον,
1393 3372 1437 3425 καὶ

315 3470 490 3550 ρυθμίζοντες
521 3471 608 3525 αὐτῶν
641 3476 726 3524 πᾶσαν
758 3470 808 3538 τὴν
842 3468 926 3539 ζωὴν,
953 3468 998 3522 καὶ
1028 3467 1179 3548 συμφώνως
1208 3472 1245 3545 τῷ
1273 3469 1354 3523 παντὶ
1382 3489 1437 3549 χο-

253 3582 284 3631 30
316 3571 449 3650 ρεύοντες.

344 3829 482 3882 lrheaet.
502 3829 547 3879 173
565 3827 595 3886 C,
616 3827 699 3878 1740
761 3825 1214 3896 9μελετᾷο1.Ρίιωεί.67031.
1280 3826 1309 3876 11
1334 3827 1437 3889 εἴπομεν

313 3901 414 3960 214,21
479 3897 588 3948 (ὶυιισῖσ.
605 3898 688 3949 202Ε

345 4041 406 4092 TIT
428 4040 458 4090 13
480 4039 517 4090 ὅτι
537 4040 565 4090 τ“ο
586 4041 651 4088 θεῖον
673 4041 735 4087 πᾶσι
754 4035 872 4102 πάρεστιν
892 4036 1000 4099 ἁμίσως·
1017 4036 1087 4096 ἡμεῖς
1109 4033 1134 4083 δὲ
1152 4033 1252 4095 ἁμέσως
1267 4032 1297 4082 ού
1312 4031 1440 4095 δυνάμεθα

315 4117 468 4178 συναφθῆναι
483 4111 550 4178 αύτῷ
566 4109 587 4159 C
1125 4111 1126 4114 ’

347 4249 487 4299 Nolunt
506 4259 560 4296 om.
582 4246 609 4294 M
676 4240 792 4306 3δὴλον]
809 4245 879 4307 γένος
898 4240 931 4303 m
996 4240 1093 4290 θέσιιν
1111 4238 1203 4288 addidi
1266 4238 1392 4288 θδοω.
1411 4239 1439 4287 Μ

376 4323 406 4371 10
423 4320 516 4370 ὀπαδὸν
530 4318 557 4367 Μ
637 4315 669 4365 12
684 4323 733 4364 τῶν
748 4317 810 4364 θεῶν
822 4315 865 4363 καὶ
877 4322 926 4363 τῶν
942 4311 1079 4378 ἀνθρώπων
1094 4311 1121 4360 Μ
1187 4312 1392 4376 διαπορθμεύσαν
1406 4313 1443 4359 A·

377 4393 406 4441 16
422 4391 435 4442 ὃ
453 4390 529 4454 λέγει]
548 4391 629 4452 ἔλεγεν
647 4389 683 4435 ΑΔ
747 4383 791 4435 σύν
809 4389 843 4443 ὡς
860 4386 896 4432 A·
961 4385 990 4433 17
1008 4383 1058 4446 θιιη
1070 4381 1171 4433 seclusi
1233 4381 1265 4431 20
1281 4381 1443 4453 Τερψιχόρη,

279 4473 281 4480 “
315 4473 356 4530 τερ
369 4463 442 4512 rubr.
454 4465 491 4521 Α;
504 4462 642 4532 τερψιχορη
654 4457 681 4505 Μ
746 4454 776 4505 21
793 4453 859 4519 οίαν]
868 4455 897 4518 ἤν
907 4468 924 4504 a
933 4467 1016 4517 supra
1025 4441 1137 4504 vbrsum
1200 4451 1231 4501 22
1244 4450 1333 4518 πρώτη
1345 4455 1383 4501 A·

314 4534 494 4597 236ὲ1καὶΜ
559 4531 589 4580 24
607 4527 896 4580 οίυηίθὲπτδιοωΜ
962 4526 993 4575 25
1012 4523 1123 4593 χορείαν]
1140 4526 1212 4592 χοροὶ
1228 4525 1263 4574 Α1
1328 4523 1444 4591 26Τερ·

315 4609 409 4672 ψυιόρη
425 4604 452 4652 Μ
