3150 5504
316 480 348 546 ιε’
697 480 838 536 ιῖιιιιιοι·
860 481 1057 534 οιιοιοψοι·

234 649 284 717 [83]
317 652 382 716 νῶν,
405 645 442 707 είς
464 644 548 716 αὐτὴν
571 642 599 701 δέ
619 645 670 714 τήν
691 643 810 700 διάνοιαν
829 647 877 698 τοῦ
897 643 956 698 νέου
978 642 1072 699 τείνων
1093 644 1144 713 τήν
1164 640 1310 722 ὠφέλειαν.
1335 641 1372 697 Ἢ
1393 647 1439 703 καὶ

316 743 420 808 άλλως·
438 741 531 814 ἐπειδὴ
547 743 615 799 κατά
629 748 676 799 τού
692 737 792 821 έρωτος
805 746 852 798 τού
868 741 940 805 ὅπως
952 742 1017 797 ποτέ
1030 738 1181 818 λεγομένου
1201 738 1302 819 ἔρωτος
1319 741 1370 797 ὑπὸ
1386 746 1440 797 τῶν

315 841 430 899 πολλῶν
450 847 497 898 τοῦ
517 840 670 898 ἀκολάστου
690 839 788 915 μέλλει
808 839 908 917 λέγειν,
930 837 973 895 διά
991 843 1071 895 τοῦτο
1092 837 1301 915 ἐγκαλύπτεται·
1326 836 1367 894 δεῖ
1387 840 1439 916 γάρ

317 941 349 997 τά
368 939 489 1015 ὀνόματα
506 944 561 995 τῶν
579 936 657 995 θεῶν
677 932 764 994 σέὅειν
784 937 829 993 τὸν
848 936 1029 1011 ἐπιστήμονα,
1048 936 1115 992 ὅπου
1131 933 1179 1015 [δ’]
1197 934 1227 991 άν
1244 935 1369 1005 κέωνται,
1388 935 1438 992 κάν

270 1043 284 1092 5
317 1037 359 1095 ἐπ’
375 1036 468 1095 ἀλλων
483 1037 549 1125 αύτά
564 1037 774 1111 σημαινομένων
790 1037 816 1092 οί
831 1035 933 1092 πολλοὶ
948 1035 1129 1114 μεταφέρωσι·
1147 1032 1247 1091 διὸκαὶ
1264 1033 1439 1114 αἰσχύνεσθαί

317 1158 409 1216 φησιν.
425 1135 461 1192 ’Ἢ
474 1137 516 1192 δτι
531 1137 568 1200 ὡς
584 1132 699 1209 είπομεν
714 1134 846 1191 ἐλάττονα
860 1141 908 1204 τῆς
922 1134 1017 1189 ἐαυτοῦ
1032 1130 1114 1198 ’ἐξεως
1129 1131 1244 1210 ἐνεργεῖ.
1263 1132 1299 1188 Ἢ
1315 1132 1357 1188 ὅτι
1371 1131 1440 1188 κατά
1523 1192 1526 1198 ,

317 1241 365 1292 τοῦ
380 1236 454 1298 ὅπως
469 1235 535 1290 ποτὶ
547 1230 647 1313 ἐ’ρωτος
663 1231 762 1308 μέλλει
774 1232 876 1310 λέγειν·
890 1230 931 1289 διὸ
946 1233 991 1287 καὶ
1005 1231 1161 1310 καθάρσεως
1176 1252 1242 1310 φησι
1254 1229 1357 1287 δεῖσθαι
1371 1231 1439 1304 μετά

316 1334 346 1390 τὸ
363 1334 447 1391 εἰπεῖν
462 1334 508 1389 τὸν
524 1332 621 1410 λύγον,
637 1332 674 1395 ὡς
690 1331 817 1410 ἁμαρτὼν
833 1331 869 1393 είς
884 1330 931 1387 τὸν
945 1326 1014 1386 θεὸν
1034 1330 1080 1385 τὸν
1095 1328 1201 1407 Ἔρωτα
1215 1329 1260 1384 καί
1281 1329 1438 1409 ἀρχόμενος

317 1441 366 1505 τῆς
386 1429 554 1506 παλινῳδίας
576 1433 619 1487 καί
640 1428 901 1505 μέλλωνάνυμνεῖν
922 1429 968 1484 τὸν
987 1424 1067 1485 θεῖον
1088 1428 1133 1484 καί
1157 1427 1370 1484 ἐνθουσιαστικὸν
1394 1428 1440 1482 καὶ

255 1530 285 1581 10
317 1531 460 1610 άναγωγὸν
486 1525 585 1609 ἔρωτα,
610 1534 705 1586 τοῦτον
732 1530 762 1585 ὃν
790 1533 836 1583 νῦν
864 1524 960 1603 μέλλει
987 1525 1078 1604 λέγειν
1105 1525 1188 1605 λύγον
1211 1523 1331 1604 Φαῖδρόν
1360 1547 1439 1605 φησιν

318 1629 452 1709 εἰρηκέναι
467 1626 509 1685 διά
523 1634 571 1685 τοῦ
587 1628 746 1708 Σωκράτους
761 1627 907 1701 στόματος,
925 1625 977 1705 ούχ
992 1625 1097 1687 ἐαυτύν,

283 1786 285 1789 ’
360 1766 416 1844 μί’.
442 1767 550 1846 ’Άγετε
573 1766 610 1838 δὴ
634 1766 656 1823 ὦ
682 1764 818 1844 Μοῦσαι]
842 1766 898 1824 237
923 1763 960 1827 Α.

357 1901 484 1983 ’Άρχεται
503 1902 551 1977 Ιμέν
572 1901 624 1957 ἀπὸ
645 1900 740 1981 εὐχῆς,
762 1901 797 1966 ὡς
818 1898 896 1964 αύτύς
914 1899 942 1956 έν
961 1897 1090 1973 Τιμαίῳ
1111 1899 1186 1955 εἶπεν
1208 1917 1224 1958 (ι
1241 1898 1293 1954 ἐπὶ
1314 1898 1438 1960 παντὸς

319 2002 405 2080 ὁρμῇ
426 2002 478 2056 καί
497 2006 640 2078 σμικροῦ
659 2000 854 2079 πράγματος
868 1996 951 2054 θεὸν
971 1996 1021 2054 δεῖ
1040 1995 1157 2054 καλεῖν
1175 1996 1344 2075 συνεργόν,
1363 2015 1379 2054 ι)
1394 1997 1440 2051 καί

257 2094 286 2144 15
319 2097 360 2153 ὅτι
380 2095 473 2167 ἐπειδὴ
495 2097 637 2176 πρόκειται
656 2097 729 2170 αύτῷ
749 2097 857 2175 ἀνάγειν
880 2096 926 2152 τὸν
948 2094 1019 2164 νέον,
1043 2103 1094 2166 τῆς
1117 2092 1144 2151 δέ
1166 2095 1312 2173 ἀναγωγῆς
1334 2099 1440 2172 πρῶτοι

320 2195 404 2253 αίτιοι
418 2197 463 2252 καὶ
479 2196 558 2270 μένοι
573 2197 599 2253 οῖ
614 2193 680 2252 Βεοί
692 2193 734 2276 (τά
749 2197 801 2275 γάρ
817 2193 898 2266 ἀλλα,
911 2197 968 2251 οἷον
983 2194 1028 2249 καί
1044 2191 1173 2267 δαίμονες
1188 2194 1262 2248 καὶὸ
1276 2193 1438 2272 Σωκράτης,

320 2298 483 2375 ὑπουργικήν
509 2297 554 2352 καί
579 2296 721 2375 ὀργανικὴν
746 2301 803 2360 τοῖς
825 2293 906 2358 θεοῖς
932 2294 1122 2375 ἀποπληρούσι
1145 2293 1265 2377 χρείαν),
1293 2293 1337 2352 διά
1358 2301 1439 2353 τοῦτο

319 2395 381 2459 τοὺς
394 2392 480 2457 θεοὺς
495 2393 688 2453 ἐπεκαλέσατο.
705 2393 735 2449 Τί
751 2391 779 2451 δέ
794 2394 865 2451 ἐστιν
879 2391 949 2451 ἄλλο
964 2397 981 2464 ἡ
999 2393 1068 2474 εύχή
1084 2394 1102 2464 ἢ
1116 2395 1246 2469 ὁμοίωσις
1255 2394 1300 2449 καί
1314 2393 1440 2456 ἀνάτασις

318 2496 336 2564 ἡ
352 2493 418 2571 πρὸς
435 2492 531 2556 αὐτοὺς
548 2496 565 2563 ι]
582 2491 624 2549 διὰ
642 2500 691 2564 τῆς
711 2495 797 2567 ζωῆς;
816 2490 922 2563 Ἐπειδὴ
947 2490 975 2548 δέ
995 2490 1094 2567 μέλλει
1115 2492 1153 2556 είς
1173 2491 1329 2572 συμφωνίαν
1352 2492 1440 2564 ἐαυτῷ

257 2584 289 2635 2⁰
320 2589 396 2669 ἄγειν
417 2592 462 2647 τὸν
484 2588 603 2670 Φαῖδρον
624 2591 669 2646 καὶ
690 2590 807 2670 ἁρμόσαι
829 2591 909 2647 αύτού
932 2589 1061 2667 βούλεται
1079 2591 1129 2661 τὴν
1149 2593 1251 2669 ψυχὴν,
1267 2589 1312 2646 ίνα
1334 2589 1440 2663 ἀποστῇ

320 2695 367 2746 τού
382 2686 433 2755 ἔξω
447 2689 604 2769 κεχηνέναι,
622 2688 659 2752 εἷς
676 2687 704 2745 δέ
718 2690 810 2746 ἐαυτὸν
826 2689 973 2768 ἐπιστρέψῃ
989 2691 1032 2745 καὶ
1049 2689 1079 2745 τὸ
1096 2688 1122 2745 ἐν
1140 2690 1225 2762 έαυτῖρ
1241 2685 1346 2750 κάλλος
1365 2684 1440 2743 θεά-

321 2810 412 2860 σηται,
428 2796 478 2859 τῆς
493 2786 521 2843 δέ
533 2787 663 2866 ἁρμονίας
676 2789 722 2845 καί
738 2787 830 2868 φιλίας
845 2787 930 2844 α’ίτιαι
946 2790 972 2842 αί
988 2793 1103 2860 Μοῦσαι,
1119 2786 1162 2843 διά
1176 2793 1257 2843 τούτο
1271 2786 1318 2850 τάς
1332 2785 1441 2848 Μούσας

321 2884 500 2943 ἐπικαλεῖται·
521 2884 590 2941 ὥστε
609 2883 701 2956 ἐπειδὴ
719 2886 780 2964 περὶ
800 2883 898 2965 ἐρωτος
917 2884 985 2954 ἦσαν
1006 2888 1031 2941 οἱ
1053 2885 1144 2964 λύγοι,
1160 2884 1253 2955 πολλὴ
1269 2883 1297 2940 δὲ
1311 2882 1441 2940 κοινωνία

321 2984 439 3046 Μούσαις
454 2983 499 3038 καί
513 2981 622 3061 Ἔρωτι,
639 2983 677 3045 ὡς
692 2984 736 3039 καὶ
752 2982 817 3058 μίαν
837 2983 926 3039 αύτῶν
942 2980 1043 3062 Ἐρατὼ
1062 2981 1216 3055 καλεῖσθαι,
1236 2979 1279 3037 διά
1296 2986 1376 3037 τοῦτο
1392 2978 1441 3035 ἀπ’

258 3077 289 3125 25
321 3082 409 3138 αύτῶν
429 3078 551 3161 ἄρχεται.
568 3114 608 3122 -
626 3080 678 3136 Δύο
698 3077 725 3135 δὲ
745 3080 832 3137 ούσῶν
852 3081 946 3138 αἰτιῶν
966 3083 1092 3160 περὶτοῦ
1113 3079 1245 3159 λιγείας
1266 3080 1311 3143 τάς
1330 3078 1440 3139 Μούσας

231 3199 255 3246 p.
271 3183 303 3235 84
319 3176 485 3258 καΙλεῖσθαι,
504 3184 566 3253 μιᾶς
582 3177 631 3252 μέν
645 3185 694 3248 τῆς
707 3178 759 3235 ἀπὸ
774 3186 823 3250 τῆς
843 3178 979 3258 ἐνεργείας
994 3185 1049 3236 τῶν
1064 3165 1177 3235 Μουσῶν
1191 3177 1290 3245 αὐτῶν,
1305 3176 1397 3254 ἐτέρας
1412 3172 1442 3230 δέ

321 3282 452 3348 <τῆς>
470 3275 523 3332 ἀπὸ
543 3283 592 3346 τῆς
611 3275 739 3355 ἱστορίας,
761 3276 917 3357 ἀμφοτέρας
937 3274 1033 3348 ’έθηκεν
1051 3278 1065 3331 ύ
1084 3275 1210 3333 Πλάτων.
1228 3273 1374 3351 Ἰστοροῦσι
1389 3270 1442 3349 γάρ

322 3372 363 3429 ὅτι
386 3368 459 3439 έθνος
481 3395 507 3429 τι
530 3373 595 3452 πρὸς
619 3373 741 3453 ἑσπέραν,
766 3377 797 3432 τὸ
822 3377 930 3456 Λιγύων
954 3375 1026 3432 ούτω
1050 3374 1233 3449 καλούμενον,
1260 3371 1345 3433 οὕτως
1371 3369 1441 3446 ἄγαν

323 3472 526 3548 μουσικώτατύν
542 3472 612 3529 ἐστιν
627 3475 665 3537 ὡς
683 3472 752 3549 μηδέ
767 3473 793 3531 ἐν
807 3481 862 3541 τοῖς
876 3474 1009 3550 πολέμοις
1022 3477 1187 3552 πανστρατιᾷ
1205 3470 1350 3550 μάχεσθαι,
1367 3466 1442 3524 ἀλλά

353 3649 369 3698 6
394 3651 495 3714 εἴπομεν
514 3649 554 3711 17,
565 3649 596 3699 21
612 3649 657 3712 (cf.
677 3650 717 3713 32,
736 3651 767 3700 22
786 3655 813 3702 01
835 3651 913 3713 SM)
977 3651 1008 3701 13
1035 3648 1104 3700 Tim.
1131 3649 1202 3700 270
1265 3646 1296 3697 28
1320 3647 1387 3704 ’έθνος
1411 3670 1443 3680 -

322 3721 362 3779 49,
377 3721 392 3770 2
405 3724 495 3772 λοιποῦ
510 3738 539 3767 =
554 3721 638 3773 schol.
653 3722 699 3774 237
713 3726 737 3772 Α
752 3725 787 3786 (ρ.
800 3723 846 3773 267
860 3723 967 3785 Herm.)

354 3818 416 3869 ΤΙΤ
430 3819 460 3869 12
477 3818 543 3886 ἀρχὴ
555 3823 599 3871 τοῦ
615 3820 766 3889 Σωκράτους
780 3822 845 3872 κατὰ
858 3826 902 3872 τοῦ
916 3823 1024 3888 αἰσχροῦ
1040 3822 1130 3887 ἐρωτος
1147 3823 1223 3884 λόγου
1240 3817 1285 3867 BC

355 3920 682 3986 111)ῙτείνωνῙτείναςΑΙ
743 3922 1038 3986 2κατά]ἐκΜτο1.6
1101 3922 1158 3972 ἐδ’
1173 3919 1273 3972 seclusi
1340 3917 1443 3976 7ύπύις

323 4013 382 4048 ποτε
399 3997 435 4044 11ΙΙ
497 3993 513 4044 8
528 3992 656 4060 ἁμαρτὼν]
672 3994 821 4060 ἁμαρτάνων
836 3997 873 4044 Aa
936 3994 966 4044 12
980 3995 1060 4060 ἀγετε,
1075 3994 1090 4045 ύί
1105 3992 1178 4043 rubr.
1192 3994 1215 4041 Α
1234 4006 1240 4040 :
1258 3992 1343 4057 ἄγεται
1358 3989 1378 4039 C

323 4071 452 4127 «1011111
516 4074 546 4125 13
563 4076 613 4126 ἀπὸ
630 4083 672 4138 τῆς
689 4076 765 4142 εὐχῆς
787 4076 815 4125 Μ
881 4075 911 4125 14
933 4079 1010 4140 ὁρμῆς
1030 4073 1052 4124 Ε
1072 4074 1101 4123 in
1120 4086 1204 4138 marg.
1269 4073 1312 4122 καὶ
1332 4076 1443 4137 σμικροῦ

323 4144 365 4198 καί
381 4146 490 4211 μεγάλου
508 4144 652 4213 πράγματος
668 4144 737 4195 Plat.
802 4143 848 4209 δεῖ]
864 4145 892 4209 δὴ
908 4145 937 4194 M
951 4145 1019 4207 (jam
1030 4149 1186 4196 correxerat
1200 4145 1267 4203 ΛΒΤ]
1332 4143 1387 4192 θεὸν
1404 4144 1445 4194 ἀεί

323 4237 371 4268 που
386 4221 506 4269 καλοῦσιν
522 4215 591 4266 Ρίαῐ,
608 4215 672 4276 (θεὸν
688 4216 897 4282 <συνεργδν>11
960 4215 992 4266 16
1008 4219 1050 4267 καὶ
1065 4221 1129 4265 ante
1147 4218 1261 4278 δαίμονες
1278 4227 1331 4263 om.
1349 4212 1377 4261 M

324 4289 354 4338 19
374 4293 390 4351 ἡ
409 4294 472 4338 ante
494 4288 535 4338 διά
558 4300 612 4336 om.
633 4287 661 4336 M
726 4287 755 4337 21
779 4288 847 4354 αύτῷ
867 4287 896 4336 Μ
960 4287 991 4336 22
1010 4296 1052 4350 τῆς
1077 4282 1132 4338 δέ...
1156 4285 1186 4336 23
1208 4289 1360 4336 ἐπικαλεῖται
1386 4297 1443 4333 om.

324 4358 409 4408 Bm·
451 4359 482 4409 24
501 4355 626 4421 Μούσαις]
644 4358 747 4409 Μοῦσαι
762 4359 790 4408 M
811 4357 876 4421 (jam
896 4364 1052 4409 correxerat
1072 4359 1140 4416 Αετ]
1203 4356 1235 4406 26
1252 4363 1294 4418 τῆς
1316 4359 1377 4418 post
1400 4354 1444 4418 μὲν

324 4441 378 4479 om.
395 4429 424 4479 M
488 4429 517 4479 27
534 4437 576 4491 τῆς
592 4436 651 4491 post
665 4428 691 4479 δὲ
709 4427 801 4478 addidi
863 4429 895 4478 28
911 4430 972 4494 προς
988 4426 1104 4495 ἑσπέραν]
1120 4427 1284 4493 ἠπειρωτικῶν
1298 4434 1348 4475 τῶν
1367 4427 1444 4475 ἑσπε·

326 4505 385 4567 ρι’ων
412 4501 497 4551 schol.
561 4497 600 4563 rb]
619 4508 667 4550 τῶν
688 4499 716 4549 Μ
781 4496 986 4563 καλούμενον-
1009 4500 1073 4565 ἀγαν
1092 4496 1252 4549 om.sohol.
1317 4495 1348 4545 29
1365 4496 1443 4559 ἐστιν]

324 4569 389 4623 εἷναί
405 4591 478 4637 φασιν
493 4571 578 4622 schol.
643 4568 686 4634 ὡς]
702 4568 766 4622 ὥστε
781 4571 809 4620 Μ
826 4586 831 4621 :
850 4571 886 4621 01.
901 4571 941 4629 49,
957 4571 971 4620 1
987 4571 1030 4634 (ὡς
1045 4573 1087 4621 καί
1103 4569 1200 4632 schol.)
1266 4567 1298 4631 μὴ
1314 4567 1341 4618 δέ
1355 4570 1378 4616 Α

325 4643 518 4712 πανστρατιάΑ
