3120 5506
340 466 386 518 182
723 457 864 510 ΕΡΜΕΙΟΥ
885 457 1082 510 ΦΙΛΟΣΟΦΟΥ

242 616 306 684 [160]
379 611 434 670 κε’.
458 607 582 668 Ἰδόντα
602 607 631 667 δ’
653 607 761 692 αὐτόν]
784 610 842 670 251
864 607 903 671 Α.

254 788 266 809 ·
378 775 509 837 Βούλεται
529 777 616 836 είπεῖν
634 776 668 834 τά
686 771 867 853 συμύαίνοντα
884 777 944 859 περὶ
961 777 1012 850 τήν
1031 775 1098 835 θίαν
1116 777 1161 834 καί
1176 777 1228 849 τήν
1247 777 1398 854 ἀνάμνησιν
1412 785 1457 836 τοῦ

338 882 438 949 νοητοῦ
455 874 572 942 κάλλους
592 873 683 933 ίδόντα
699 876 731 932 τό
750 873 855 942 κάλλος
871 876 917 933 καί
936 875 967 932 ἐκ
982 875 1078 933 τούτου
1092 874 1359 951 ἀναπεμπαζόμενον
1377 875 1419 933 ἐστὶ
1430 878 1458 933 τό

337 972 436 1046 νοητὸν
450 972 557 1059 κάλλος·
576 972 610 1030 ἐκ
626 972 677 1053 γάρ
696 980 752 1045 τῆς
772 972 888 1054 φρίκης
909 966 1078 1049 με’ταύολή
1101 967 1278 1047 λαμύάνει·
1302 970 1377 1042 διττή
1397 970 1458 1044 δὲή

290 1069 305 1119 5
339 1066 492 1147 μεταύολή,
507 1073 525 1142 Q
543 1071 592 1146 μὶν
611 1070 663 1127 ἀπὸ
681 1075 729 1127 τοῦ
747 1075 845 1142 νοητοῦ
866 1069 909 1127 ἐπὶ
926 1071 975 1142 τήν
986 1065 1092 1148 ἶρένεσιν
1108 1064 1261 1145 μεταύολή,
1278 1073 1314 1143 ήν
1327 1071 1372 1127 καί
1387 1069 1458 1126 ἀπό-

336 1192 461 1229 πτωσιν
481 1169 540 1228 εἶπε
556 1176 606 1241 τῆς
624 1173 728 1250 ψυχῆς,
744 1172 761 1242 Q
777 1168 806 1227 δὲ
819 1169 872 1226 ἀπὸ
891 1177 940 1241 τῆς
957 1168 1088 1247 γενέσεως
1103 1166 1146 1226 ἐστὶ
1161 1168 1191 1225 τὸ
1205 1169 1315 1242 νοητὸν,
1334 1172 1368 1241 ήν
1383 1169 1459 1227 θίαν

337 1267 425 1328 καλεῖ.
448 1274 501 1325 Νῦν
521 1265 567 1325 οῦν
589 1269 650 1348 περὶ
670 1276 720 1341 τῆς
742 1269 948 1348 πτεροφυήσεως
970 1265 1098 1344 βούλεται
1118 1267 1202 1324 εἰπεῖν
1221 1273 1282 1333 πῶς
1302 1265 1414 1348 ἄρχεται
1431 1267 1458 1323 τό

337 1368 435 1448 πτερόν
457 1364 593 1448 ἄρδεσθαι·
612 1367 700 1424 πάντα
719 1365 748 1423 δὲ
767 1372 851 1424 ταῦτα
874 1370 1063 1447 μεταφορικῶς
1086 1363 1171 1443 λέγει.
1196 1363 1318 1445 Ἱδρώς,
1342 1366 1459 1424 τουτέστι

338 1473 416 1532 θεῖος
429 1463 521 1548 ἱδρώς·
538 1465 649 1523 ἐνταῦθα
659 1465 711 1545 γάρ
726 1462 792 1523 ούσα
806 1467 824 1536 Q
840 1465 915 1545 ψυχή
930 1470 969 1538 τῷ
982 1461 1040 1521 όντι
1053 1463 1136 1544 ίδροῑ,
1149 1461 1202 1529 ίως
1218 1465 1250 1521 οῦ
1264 1460 1460 1545 καταδράξηται

276 1560 307 1610 ¹⁰
338 1571 386 1624 τοῦ
402 1570 511 1637 νοητοῦ·
527 1573 576 1636 τῆς
591 1561 637 1622 οῦν
651 1563 783 1642 γενέσεως
797 1563 912 1638 σημεῖόν
928 1562 998 1620 ἐστιν
1013 1564 1028 1620 δ
1042 1562 1137 1642 ἱδρώς·
1158 1560 1258 1643 ἱδρὼς
1277 1561 1326 1621 οῦν
1342 1569 1459 1628 τοιοῦτος

340 1660 504 1739 λαμύάνει
525 1663 562 1728 ῶς
583 1663 728 1721 ἀποθέσθαι
747 1664 797 1735 τήν
815 1662 1005 1741 γενεσιουργδν
1024 1661 1168 1742 ἐνάργειαν.
1191 1660 1222 1718 Ἢ
1244 1658 1273 1718 δὲ
1294 1663 1459 1742 θερμότης

338 1759 414 1825 οἶδας
433 1759 476 1817 ότι
496 1763 594 1832 ζωτική
617 1759 683 1818 ἐστι·
703 1760 749 1818 καί
767 1759 818 1841 γάρ
832 1760 877 1818 καί
894 1760 927 1817 τά
941 1758 1054 1817 ἐνταῦθα
1069 1759 1157 1817 πάντα
1171 1758 1214 1817 διὰ
1227 1767 1277 1831 τῆς
1290 1759 1459 1839 θερμότητος

339 1857 462 1933 σῴζεται·
486 1855 561 1916 ἔσται
579 1858 627 1916 οῦν
648 1861 666 1930 Q
686 1859 824 1939 θερμότης
842 1861 860 1930 Q
880 1858 1019 1938 ἀναγωγός
1040 1855 1154 1934 δύναμις
1173 1866 1224 1930 τῆς
1244 1861 1337 1939 ψυχῆς
1356 1866 1406 1930 τῆς
1421 1857 1461 1915 διά

339 1957 422 2038 πυρός
438 1957 528 2030 ζώσης
543 1962 599 2014 τῶν
613 1963 731 2030 νοητῶν.
747 1958 783 2015 Τὸ
800 1956 829 2016 δὲ
842 1958 946 2031 ἀήθης
960 1958 1036 2016 εἶπεν
1050 1955 1143 2027 ἐπειδὴ
1158 1956 1211 2037 πρὸ
1226 1955 1325 2015 τούτου
1340 1956 1389 2014 ούκ
1406 1958 1461 2038 εἶχε

277 2050 308 2104 15
340 2055 467 2128 τοιαύτην
487 2056 656 2136 θερμότητα,
677 2054 705 2113 ἰν
725 2055 781 2131 όσῳ
799 2057 833 2129 ήν
849 2057 911 2136 περὶ
931 2057 982 2127 τήν
1000 2056 1105 2135 γίνεσιν
1126 2055 1357 2136 ἀναστρεφομένη·
1380 2057 1459 2130 μήπω

338 2153 390 2233 γὰρ
408 2153 610 2230 ἀναμνησθεῖσα
627 2158 683 2211 τῶν
700 2159 816 2227 νοητῶν,
837 2151 914 2211 οῦπω
936 2152 998 2236 εἶχε
1019 2151 1146 2227 τοιαύτην
1165 2153 1325 2233 θερμότητα
1344 2152 1458 2233 ἐνεργόν.

342 2249 448 2323 Ἐπειδὴ
465 2251 493 2310 δὲ
507 2249 606 2333 ήρξατο
619 2252 880 2330 ἀναμιμνήσκεσθαι,
894 2252 1072 2332 θερμαίνεται
1082 2252 1128 2310 καί
1142 2251 1282 2332 ἀνάγεται·
1298 2253 1345 2309 καὶ
1356 2250 1407 2331 γὰρ
1418 2251 1460 2307 καί

341 2349 453 2409 ἐνταῦθα
467 2354 484 2423 Q
501 2352 640 2431 θερμότης
654 2352 780 2434 ἀναφίρει
793 2352 824 2409 τὸ
841 2352 922 2432 ὑγρὸν
937 2351 980 2410 ἐπὶ
992 2351 1024 2408 τὸ
1039 2349 1107 2412 ἄνω.

379 2529 434 2594 κύ’.
459 2531 644 2609 Δεξάμενος
667 2532 727 2613 γὰρ
747 2536 804 2590 τοῦ
825 2528 987 2616 κάλλους]
1009 2532 1066 2592 251
1089 2532 1127 2592 Β.

165 2751 167 2754 Α
279 2695 310 2746 θθ
382 2687 439 2745 Διά
455 2687 507 2767 γὰρ
524 2692 587 2745 τῶν
601 2688 761 2764 όμμάτων
777 2691 795 2760 Q
811 2689 961 2764 ἀνάμνησις
975 2685 1089 2767 γίνεται.
1105 2690 1169 2761 Τήν
1183 2688 1213 2746 δὲ
1228 2688 1393 2781 ἀπορροήν
1408 2686 1462 2745 ἀντὶ

235 2794 325 2846 1⁰66r·
342 2793 390 2844 τοῦ
413 2783 515 2844 είδωλα
535 2791 583 2843 τοῦ
607 2785 736 2853 κάλλους.
757 2822 797 2832 -
818 2783 1016 2863 Δεξάμενος,
1038 2785 1130 2860 ἐπειδή
1145 2784 1159 2869 Ι
1183 2792 1303 2867 μερικῶς
1326 2792 1382 2844 τῶν
1399 2783 1463 2862 τῇδε

342 2881 581 2961 ἀντιλαμόάνετσι.
597 2918 638 2932 -
653 2882 850 2966 Ἐθερμάνθη
865 2884 893 2944 δὲ
905 2885 962 2943 ἀντὶ
976 2891 1024 2944 τοῦ
1036 2886 1197 2963 άπεκινήθη,
1212 2886 1309 2957 καθδή
1326 2884 1464 2964 ἀναγωγός

342 2984 424 3056 αὐτῆς
441 2981 552 3059 δύναμις
565 2982 676 3066 ἄρχεται
690 2982 826 3065 ἄρδεσθαι,
838 2984 930 3065 ὥσπερ
944 2985 989 3042 καὶ
1001 2985 1100 3045 ἀνθεῖν.
1117 2985 1168 3042 Τόν
1182 2983 1262 3042 αὐτὸν
1277 2982 1418 3064 δὲτρόπον
1434 2981 1463 3039 ἀν

342 3081 418 3142 είποι
436 3105 476 3148 τις
493 3081 536 3139 ἐπὶ
553 3087 608 3140 τῶν
623 3080 747 3140 καλύκων
765 3088 819 3141 τῶν
834 3082 922 3163 ῥόδων
939 3083 980 3141 ότι
995 3082 1136 3160 μεμυκότα
1151 3083 1217 3157 ἐστί,
1234 3083 1425 3162 θερμανθίντα
1437 3079 1464 3138 δὲ

279 3188 311 3239 25
343 3180 515 3249 ὲξαστλοῦται·
532 3182 605 3260 λέγει
619 3180 647 3239 δὲ
661 3182 721 3263 περὶ
736 3189 785 3255 τῆς
800 3181 975 3250 ἐξαπλώσεως
989 3184 1034 3240 καὶ
1046 3181 1142 3240 ἀνόδου
1155 3191 1205 3255 τῆς
1220 3184 1323 3264 ψυχῆς.
1337 3216 1378 3226 -
1390 3189 1464 3262 Θερ-

344 3281 508 3355 μανθέντα
527 3278 561 3337 δὲ
575 3279 685 3351 ἐτάκη·
702 3281 763 3338 τότε
773 3282 825 3362 γὰρ
838 3283 872 3353 ήν
888 3280 1131 3358 συμμεμυκότα
1148 3280 1208 3338 ύιτά
1223 3280 1462 3361 σκληρότητος,

342 3384 389 3435 νῦν
409 3376 438 3435 δὲ
456 3377 555 3451 ἐτάκη
574 3379 620 3435 καὶ
639 3376 751 3452 διελύθη
769 3379 814 3435 καὶ
835 3377 933 3437 εύλυτσι
949 3379 1047 3459 γέγονε
1064 3378 1150 3436 πάντα
1163 3378 1197 3436 τά
1210 3378 1386 3458 γενεσιουργά
1400 3379 1464 3458 πρὸς

343 3477 499 3556 ἀναγωγήν.
517 3475 630 3534 Δύναται
648 3474 678 3533 δὲ
693 3477 724 3533 τό
741 3477 842 3550 ἐτάκη
859 3478 896 3542 ὡς
910 3476 953 3534 ἐπὶ
968 3482 1014 3534 τοῦ
1029 3484 1117 3558 κηροῦ
1133 3470 1333 3552 λαμύάνεαθαι,
1349 3478 1408 3535 ἀντὶ
1420 3482 1465 3534 τοῦ

344 3574 454 3648 διελύθη
465 3577 510 3633 καὶ
521 3573 658 3647 ήπλωται·
673 3577 719 3633 καί
733 3576 784 3657 γὰρ
794 3576 809 3632 δ
818 3577 904 3656 κηρὸς
919 3575 1070 3651 τηκόμενος
1084 3577 1179 3659 χίεται
1192 3576 1238 3634 καὶ
1253 3574 1403 3637 διαλύεται.
1417 3575 1465 3633 Καί

281 3677 313 3730 θθ
344 3674 457 3732 ἐνταῦθα
476 3672 505 3731 δὲ
522 3679 638 3749 σημεῖον
655 3677 747 3756 ψυχῆς
768 3672 916 3740 σπουδαίας
934 3675 1149 3751 ποιούμεθατδ
1168 3671 1196 3742 ἐξ
1212 3673 1314 3754 ὀλίγων
1337 3675 1471 3756 ἀφορμῶν1

343 3774 388 3829 καὶ
403 3773 575 3847 μαθημάτων
588 3770 683 3830 πολλὰ
697 3771 825 3830 δύνασθαι
837 3777 937 3833 τεκεῖν.
955 3774 1005 3831 Καὶ
1023 3772 1135 3831 ἐνταῦθα
1152 3772 1199 3831 οῦν
1218 3771 1249 3830 ίκ
1267 3780 1319 3845 τῆς
1338 3773 1405 3837 θίας
1424 3772 1467 3829 καὶ

343 3880 395 3943 τῆς
409 3866 569 3951 τροσῦολῆς
583 3876 631 3928 τοῦ
645 3869 765 3937 κάλλους
781 3871 861 3953 φησίν
873 3870 913 3928 ότι
927 3871 1114 3954 ἐθερμάνθη
1128 3873 1173 3929 καὶ
1187 3871 1307 3944 ήπλιύθη
1322 3872 1368 3929 καί
1383 3870 1426 3928 ἐπὶ
1436 3871 1467 3927 τά

345 3967 398 4027 όλα
415 3967 540 4028 ἀνελθεῖν
561 3967 682 4043 ήδυνήθη
704 3971 742 4028 τά
762 3971 837 4052 περὶ
857 3973 916 4043 την
935 3967 1078 4054 ἔκφυσιν,
1101 3972 1119 4029 ἀ
1140 3969 1227 4030 πάλαι
1249 3971 1301 4030 ὑπὸ
1323 3968 1467 4051 σκληρό·

377 4230 424 4281 NC
448 4230 576 4293 1,ίόόντα,
601 4232 608 4282 1
632 4229 706 4281 rubr.
726 4231 751 4280 A
816 4231 845 4284 ’δὲ
867 4232 895 4281 Μ
965 4233 979 4281 3
1004 4232 1079 4283 ίδόντι
1100 4236 1127 4282 et
1150 4229 1408 4297 ἀναπεμπαζομίνῳθ

345 4303 359 4352 7
381 4301 436 4368 σύν]
458 4303 484 4354 δὲ
503 4303 531 4352 Μ
597 4300 628 4353 10
647 4306 751 4366 σημεῖον
767 4302 839 4354 ’ἐστίν
858 4306 884 4353 Α
947 4303 978 4354 12
996 4305 1087 4354 &mm
1150 4302 1200 4368 γάρ
1219 4300 1273 4367 καὶ]
1291 4301 1357 4354 κατά
1377 4301 1405 4351 Μ

345 4375 375 4424 14
401 4372 493 4439 ζώσης]
518 4377 542 4423 A
566 4380 670 4438 ζωτικῆς
694 4374 722 4423 M
788 4372 847 4440 προ]
866 4376 937 4443 Ὶστρός
966 4375 994 4424 Μ
1061 4374 1091 4424 17
1118 4375 1161 4425 καί
1189 4379 1250 4437 post
1277 4373 1327 4440 γάρ
1355 4386 1410 4423 om.
1440 4373 1467 4423 Μ

407 4445 438 4496 18
460 4447 576 4513 ἀναφέρω
595 4448 620 4496 A
683 4444 713 4494 19
734 4443 875 4509 δεξάμενος,
897 4447 910 4495 ὃ
933 4445 1007 4496 rubr.
1029 4449 1053 4495 A
1116 4445 1147 4495 25
1169 4447 1333 4503 ἐξαστλοῦνται
1353 4442 1407 4494 ΕΜ

344 4520 416 4612 1526
432 4558 607 4629 θερμανθέντα]
621 4527 756 4628 θερμανθίῦ
769 4562 794 4611 Α
810 4574 816 4611 :
832 4562 1006 4627 θερμανθίντος
1022 4561 1092 4614 plat.
1105 4576 1112 4614 :
1127 4559 1260 4628 θερμανθὲν
1278 4560 1306 4610 Μ
1372 4561 1406 4612 26
1422 4562 1469 4613 ύτδ

346 4635 513 4698 σκληρότητος
531 4635 712 4697 συμμεμυκότα
723 4631 793 4684 plat.
857 4631 888 4683 28
904 4631 1001 4698 ὡςῙιιαὶ
1015 4633 1043 4682 Μ
1108 4633 1138 4683 33
1152 4639 1195 4695 τῆς
1208 4633 1378 4698 σκληρότητος
1392 4632 1421 4682 Μ
