3164 5512
411 446 466 498 ΕΙΣ
487 447 548 497 TON
570 448 746 499 ῘΙΛΑΤΩΝΟΣ
768 448 911 500 ΦΑΙΔΡΟΝ
934 448 1056 500 xxm
1251 459 1297 509 199

77 610 144 678 [170]
177 604 372 680 ἐπιθυμητικοῦ
391 604 438 667 τάς
460 603 498 666 είς
513 606 588 677 ἡμᾶς
606 603 751 681 γινομένας
770 602 905 685 ὲμραίνει,
922 605 1041 662 τουτέστι
1059 605 1105 672 τάς
1120 607 1296 686 καταγωγοῦς

124 757 130 772 ,
176 703 314 777 ουνάμεις.

218 852 269 936 ξγ’.
294 857 322 912 '0
344 855 377 913 δὲ
398 856 543 937 ἡνίοχος]
567 856 625 915 254
648 856 687 914 D.

217 996 298 1053 Οόπω
318 996 391 1074 λέγει
409 1001 469 1060 πῶς
489 997 615 1076 κατήχθη
632 998 649 1066 η
665 997 740 1075 ψυχὴ
758 997 803 1052 καὶ
819 997 958 1077 ὑπηνέχθη
976 998 1014 1061 είς
1028 998 1078 1068 τὴν
1093 996 1208 1075 γένεσιν,
1226 996 1298 1054 ἀλλά

131 1097 145 1144 5
178 1096 224 1152 τόν
238 1095 436 1174 κατορθωτικόν
451 1089 537 1170 ἔρωτα
551 1091 593 1149 ἀιά
607 1093 716 1149 πάντων
730 1095 833 1150 τούτων
847 1091 994 1173 ἐξηγεῖται.
1009 1129 1048 1139 -
1062 1097 1183 1152 Ταυτὸν
1198 1095 1298 1158 πάθος

178 1193 250 1273 λέγει
263 1195 294 1250 τὸ
309 1192 479 1251 άνθελκῦσαι.
497 1227 536 1236 -
552 1190 616 1249 Ἀπὸ
632 1191 799 1272 ὕσπληγγος·
816 1194 868 1249 ἀπὸ
885 1194 998 1268 μύωπος
1014 1195 1163 1272 κρουσθείς·
1184 1195 1252 1257 τινἐς
1271 1192 1298 1251 δέ

179 1291 318 1370 ῦσπληγγα
341 1291 455 1368 μάστιγα
478 1289 602 1350 καλοῦσι.
625 1326 664 1338 -·
685 1289 869 1349 Ἀναπεσὼν
892 1290 931 1362 δέ,
956 1293 1090 1350 τουτέστιν
1114 1295 1151 1356 είς
1177 1292 1298 1350 τούπίσω

177 1390 266 1448 πεσὼν
284 1390 331 1446 καί
351 1389 479 1453 ἒλκιίσας.
497 1423 535 1433 -
555 1386 702 1452 Ὀθόνιιις
722 1385 836 1446 έθωκε·
858 1391 991 1447 τουτέστιν
1007 1390 1056 1447 οὐκ
1077 1389 1148 1448 είασε
1163 1385 1299 1470 προόῆναι

178 1488 221 1545 ἐπὶ
238 1490 288 1559 τὴν
307 1487 409 1566 γένεσιν
428 1488 472 1544 καίΙ
491 1488 521 1543 τό
541 1487 678 1559 αἰσθητόν.
694 1492 780 1546 Ταῦτα
799 1487 826 1545 δὲ
845 1488 930 1544 πάντα
950 1494 997 1544 τοῦ
1017 1488 1162 1568 ἐγκρατοῦς
1183 1487 1299 1544 ἐστικαὶ

116 1587 147 1637 10
178 1588 319 1670 ἐφιεμένου
339 1593 388 1643 τοῦ
410 1593 522 1659 νοητοῦ,
542 1586 572 1643 τὸ
592 1587 677 1651 πάσας
695 1586 741 1650 τάς
759 1585 885 1662 δυνάμεις
905 1589 999 1644 ἑαυτοῦ
1020 1588 1057 1651 είς
1077 1588 1170 1644 έαυτόν
1190 1585 1300 1644 έλκῦσαι

177 1689 223 1745 καί
239 1688 388 1758 ἀποστῆναι
402 1692 455 1743 τῶν
471 1687 615 1758 αἰσθητῶν.

220 1841 270 1913 ξδ’.
295 1842 388 1901 Ὅταν
411 1843 444 1900 δὲ
464 1844 582 1901 ταότόν
603 1841 784 1924 πολλάκις]
807 1844 865 1901 254
888 1843 923 1902 E.

219 1984 303 2042 Ὅταν
318 1984 364 2042 οῦν
379 1993 500 2044 τοιοῦτον
514 1987 598 2050 πάθος
609 1984 742 2052 πολλάκις
754 1989 827 2063 πάθη
843 1988 889 2044 καί
904 1991 1069 2063 ταπεινωθῇ,
1082 1984 1194 2044 ἐ’πεται
1208 1985 1302 2044 λοιπὸν

178 2085 223 2140 καί
238 2083 287 2140 οῦκ
301 2082 441 2142 ἀντιτείνει
455 2104 492 2161 τῳ
507 2084 615 2164 ἡνιόχῳ
629 2088 646 2156 ἡ
664 2082 765 2162 ἀλογος
780 2092 851 2141 πάσα
863 2088 932 2157 ζωὴ,
943 2087 988 2142 καί
1003 2086 1073 2142 οῦτω
1087 2087 1190 2163 γίνεται
1204 2088 1222 2156 η
1239 2084 1301 2140 άνσ-

118 2185 148 2237 15
179 2183 267 2259 γωγή.
282 2182 369 2237 -Τό
385 2179 413 2237 ἀὲ
428 2176 518 2261 ρόόιμ
534 2179 723 2251 διόλλυται,
741 2184 755 2238 6
770 2182 870 2262 χείρων
883 2189 939 2238 τιῖιν
952 2182 1055 2239 ἵππων·
1077 2182 1133 2239 ἐπεὶ
1149 2184 1199 2261 γάρ
1218 2179 1301 2237 πολυ-

181 2278 299 2354 θόναμός
320 2279 387 2337 ἐστιν
405 2283 423 2350 ἡ
444 2282 519 2362 ψυχὴ
534 2280 579 2336 καί
594 2278 763 2360 πολυμερής,
783 2280 911 2360 βούλεται
924 2283 968 2338 καὶ
983 2282 1016 2339 τά
1031 2280 1104 2338 ἀλλα
1121 2281 1202 2359 μόρια
1217 2279 1301 2350 αὐτῆς

181 2376 304 2458 ἐνεργεῖν·
326 2376 445 2434 ἀνθέλκει
463 2375 510 2433 οῦν
529 2377 576 2440 τάς
596 2376 690 2441 κοίλας
711 2377 844 2456 ἐνεργείας
864 2379 908 2434 καί
928 2379 1039 2456 μετάγει
1055 2378 1097 2434 ἐπὶ
1113 2379 1159 2442 τὰς
1173 2378 1301 2453 άμείνους

179 2478 223 2533 καὶ
238 2475 280 2532 ἐπί
294 2475 325 2531 τὸ
341 2473 407 2545 ἀνω,
422 2480 469 2533 τοῦ
484 2476 611 2557 χείρονος
625 2480 680 2532 τών
694 2477 785 2533 ἳππων
801 2477 844 2533 ἐπὶ
858 2478 909 2546 τὴν
925 2479 1024 2555 γένεσιν
1039 2476 1215 2556 τρεπομένου.

223 2629 269 2701 ἔτ’,
294 2633 362 2693 “Ate
384 2633 439 2692 οὖν
460 2642 564 2693 πᾶσαν
585 2634 778 2717 θεραπείαν]
800 2638 858 2694 255
881 2636 919 2694 Α.

117 2794 149 2844 20
221 2781 363 2860 Πρόκειται
383 2783 431 2856 μὲν
453 2781 524 2859 αὐτῷ
544 2783 627 2838 εἰπεῖν
646 2787 706 2846 πῶς
727 2782 824 2838 ἐκτῶν
839 2784 973 2855 αἰσθητῶν
990 2783 1033 2840 καὶ
1052 2791 1103 2855 τῆς
1119 2787 1303 2862 γεντσιουργοῦ

180 2880 285 2961 ρῦσεως
306 2881 431 2958 ἀνάγεται
450 2882 464 2936 6
482 2880 650 2958 ἀναγόμενος
668 2882 712 2936 καὶ
731 2880 871 2961 ἀρίσταται
888 2889 937 2953 τῆς
953 2883 1085 2960 γενέσεως
1100 2883 1145 2938 καὶ
1160 2883 1260 2960 γίνεται
1276 2881 1302 2939 ἐν

180 2979 231 3050 θέα
251 2986 300 3035 τοῦ
320 2985 429 3050 νοητοῦ.
454 2979 541 3034 Εἰπὼν
564 2978 611 3036 οῦν
632 2979 661 3035 τὸ
682 2984 742 3043 πῶς
765 2978 941 3036 ἁλίσκεται
963 2981 977 3035 6
1000 2979 1080 3059 ἐρῶν,
1107 2980 1236 3058 βοόλεται
1257 2986 1303 3037 νῦν

181 3079 265 3135 εἰπεῖν
284 3077 329 3134 καί
345 3079 359 3133 6
377 3076 514 3156 ἐρώμενος
530 3084 590 3142 πιῦς
610 3075 748 3134 ἁλίσκεται
766 3080 811 3134 καί
828 3078 975 3135 έντίκτεται
990 3080 1005 3134 6
1020 3078 1147 3158 ἀντίρως.
1167 3076 1303 3135 Ἐντεῦθεν

181 3175 226 3232 οῦν
248 3177 308 3254 περί
330 3183 380 3232 τοῦ
401 3175 551 3253 ἀντέρωτος
574 3176 658 3254 λέγει,
677 3210 716 3218 -
733 3177 1023 3255 Θεραπευόμενος,
1044 3177 1180 3233 τουτέστιν
1200 3179 1214 3233 6
1235 3176 1302 3255 ἑρώ·

118 3284 149 3335 25
182 3296 269 3349 μενος.
294 3309 333 3319 -
356 3275 542 3352 Θεραπείαν
567 3272 594 3330 δὲ
619 3273 694 3353 λέγει
718 3274 748 3330 οῦ
773 3276 873 3346 ταύτην
894 3276 944 3346 την
964 3276 1148 3354 γενεσιουργόν
1170 3273 1231 3331 οῦδὲ
1252 3276 1303 3344 τήν

182 3375 338 3451 καταγωγὸν
364 3374 408 3429 καὶ
434 3375 601 3447 σωματικήν·
630 3372 702 3430 ἀλλά
729 3373 799 3430 οὕτω
826 3374 1095 3453 θεραπευόμενος
1123 3375 1160 3436 ώς
1191 3371 1303 3452 ἀγαλμα

181 3478 264 3542 θεῶν,
289 3473 334 3527 καί
358 3472 396 3535 ὡς
419 3473 433 3526 6
457 3466 628 3542 Ἀλκιόιάθης
649 3473 721 3550 παρὰ
747 3472 915 3550 Σωκράτους,
942 3473 1013 3528 οὕτω
1035 3479 1102 3550 γοῦν
1126 3472 1303 3551 θεραπευό-

182 3592 280 3645 μενος
297 3571 347 3626 ὑπὸ
362 3575 411 3626 τοῦ
426 3569 538 3648 ἐραστοῦ
551 3571 565 3625 6
580 3569 718 3648 ἐρώμενος
734 3572 778 3625 καί
792 3575 886 3648 πεῖραν
902 3568 1027 3634 δεδωκώς
1041 3577 1089 3626 τοῦ
1106 3570 1228 3648 ἐραστοῦ,
1243 3570 1303 3626 τότε

181 3667 213 3739 ἀί,
229 3668 299 3724 καίό
314 3666 451 3744 ἐρώμενος
468 3667 505 3729 ώς
519 3667 623 3744 γνησίῳ
639 3665 735 3745 ἐραστῇ
751 3667 844 3722 ἑαυτὸν
858 3665 1020 3725 ἐπιδίδωσιν.
1037 3702 1076 3711 -
1091 3666 1119 3721 '0
1134 3664 1162 3722 δὲ
1176 3674 1228 3728 πᾶς
1244 3671 1304 3729 νοῦς

120 3777 151 3826 ίθ
182 3772 237 3823 τῶν
255 3763 316 3837 ἑξῆς
331 3765 421 3843 ῥητῶν
441 3765 564 3829 τοιοῦτός
580 3764 659 3823 ἐστιν.
679 3762 786 3834 Ἐπειδὴ
805 3765 838 3821 τά
855 3771 918 3821 θεῖα
938 3760 1097 3843 ῦπερόλῦζει
1115 3771 1174 3828 τοῖς
1192 3765 1303 3842 ἀγαθοῖς

182 3865 226 3921 καί
244 3863 370 3936 πληθύει,
391 3863 553 3941 ἀνάγκηκαὶ
570 3865 616 3921 τὸν
633 3863 720 3942 ἔρωτα
739 3865 769 3919 ὃν
785 3866 811 3920 οί
831 3864 893 3920 θεοί
910 3863 1063 3942 ἐνέσπειραν
1078 3871 1138 3926 τοῖς
1154 3863 1304 3942 ἀνθρώποις

183 3959 358 4042 ῦπερόλόζειν
381 3967 416 4038 τῇ
440 3962 594 4040 ἀγαθότητι.
621 3962 722 4018 Οὐκοῦν
746 3964 790 4018 καί
812 3964 825 4018 6
849 3962 1030 4042 κατεχόμενος
1051 3963 1140 4035 τούτῳ
1164 3968 1200 4038 τῷ
1225 3959 1304 4039 ἔρωτι

998 4058 1004 4074 ἱ

186 4061 282 4134 μεστός
306 4061 361 4121 ἐστι
379 4065 433 4116 τῶν
454 4058 574 4138 ἀγαθῶν·
596 4058 636 4116 διό
656 4082 736 4140 ρησιν
754 4060 829 4117 ότιό
849 4060 975 4139 ἐραστὴς,
996 4081 1014 4116 ε·
1043 4065 1091 4116 τοῦ
1111 4058 1236 4133 ὄμματος
1256 4062 1304 4113 τοῦ

216 4323 262 4374 NC
280 4325 293 4372 θ
312 4329 325 4375 6
340 4323 413 4372 rubr.
427 4326 450 4370 Α
515 4321 530 4370 6
545 4324 611 4386 λέγει
623 4323 735 4387 scripsi:
751 4325 830 4387 λέγων
842 4321 903 4371 libri
968 4322 1094 4386 ῦσπλήγος
1105 4325 1133 4370 εί
1145 4320 1304 4385 ῦσπλῆγα(7]

184 4397 216 4446 Α1
236 4411 242 4445 :
263 4395 391 4458 ὕσπληγος
410 4399 437 4444 et
454 4393 571 4457 ὕσπληγα
592 4394 621 4441 Μ
641 4393 709 4443 Plau.
727 4409 732 4443 2
752 4396 879 4457 ῦσπλῆγος
899 4400 925 4443 et
943 4393 1077 4458 ῦσπληγγα
1096 4391 1118 4440 E
1181 4391 1304 4442 δέδωκεν

185 4468 255 4517 Plat.
319 4464 580 4516 θπάντακαίτοῦΜ
646 4466 677 4514 10
689 4465 727 4531 τό]
738 4467 780 4515 καί
794 4469 830 4512 Αι
893 4465 923 4514 12
938 4464 1151 4525 όταν,ὀἰ·ι1ί)ι“.Α
1217 4463 1306 4514 13πά-

183 4541 221 4588 θοι
241 4540 277 4585 Aa
339 4535 370 4584 19
388 4534 439 4592 ἅτε,
459 4533 475 4584 ἅ
494 4534 568 4583 rubr.
589 4538 613 4583 A
674 4535 848 4586 mmm
917 4537 986 4603 παρὰ
1000 4549 1035 4586 ex
1047 4541 1159 4585 correct.
1176 4535 1305 4599 A¹tnepl

186 4610 213 4658 M
279 4606 349 4673 γοῦν]
364 4604 428 4656 οῦνθ
493 4605 523 4655 32
540 4607 632 4663 οῦκονν
650 4607 675 4655 Μ
