3164 5512
433 421 487 471 ΕΙΣ
508 422 570 471 ΤΟΝ
592 421 768 474 nmmos
790 425 933 479 ΦΑΙΔΡΟΝ
956 428 1078 479 ΣΧΟΛΙΔ
1276 439 1321 490 201

99 587 166 655 [171]
199 581 230 638 ‘fl
252 579 280 638 θέ
302 579 452 661 εἱμαρμένη
475 581 527 638 ἀπὸ
547 586 594 638 τοῦ
614 587 720 656 δεσμου
741 590 791 654 τῆς
811 582 983 664 ’Δόραστείας
1003 584 1070 643 οὖσα
1091 583 1218 648 οὐδέποτε
1239 585 1322 667 κακὸν

199 679 290 757 ἀγαθῷ
312 678 477 757 συζευγνθει.
500 670 717 757 Προσδεξαμένου
736 678 765 736 δέ
784 681 831 736 τὸν
851 680 964 760 ἐραστὴν
982 683 1028 739 καίΙ
1048 684 1086 747 είς
1107 682 1207 761 λόγους
1230 681 1323 739 ἐλθόν-

198 795 297 837 των..,·
312 777 460 856 ἐγγθθεν,
477 776 565 835 οὐκέτι
580 777 719 857 πόρρωθεν
735 779 773 841 ὡς
788 780 885 850 πάλαι,
903 780 976 838 άλλά
991 779 1033 838 διὰ
1052 783 1083 838 τό
1100 779 1224 840 θόνασθαι
1242 803 1323 838 κατα-

198 876 286 932 καίειν
305 876 398 954 λόγων
415 874 535 946 πλησίον
553 874 591 932 ὢν
610 880 657 932 τοῦ
677 875 799 955 ἐραστοῦ.
821 876 919 956 Ἤγουν
943 879 973 935 τὸ
996 879 1075 957 ἐγγὺς
1096 885 1175 936 τοῦτο
1194 879 1322 954 σημαίνει

152 987 166 1034 5
199 975 240 1031 θ’τι
255 973 362 1053 έγγόθεν
375 974 485 1053 πάρεστι
500 976 533 1030 τὰ
547 973 634 1052 ἀγαθά
650 980 708 1038 τοῖς
724 973 904 1050 βουλομένοις
921 985 1079 1058 μετασχεῖν.

238 1126 273 1188 ο’.
300 1127 497 1200 Ἐκπλήττει
517 1128 573 1184 τόν
595 1126 776 1209 ἐρώμενον]
803 1131 860 1188 255
884 1130 920 1189 Β.

237 1267 296 1326 ’Ότι
314 1268 346 1326 οὐ
367 1274 525 1342 σωματικῆς
544 1267 657 1347 χάριτος
677 1264 756 1325 ’ἑνεκα
773 1269 908 1347 παρέμενε
930 1274 968 1346 τῷ
988 1268 1126 1348 ἐρωμένῳ,
1148 1267 1215 1325 ἀλλά
1234 1266 1321 1349 φιλῶν

91 1423 93 1425 ,
198 1370 242 1424 καὶ
261 1366 400 1447 ὠφελείας
420 1363 508 1424 ένεκα.
526 1400 564 1409 -
583 1366 713 1423 Ἕνθεον
733 1363 762 1422 θέ
783 1366 878 1446 φίλον
899 1366 956 1423 εἶπε
975 1369 1042 1446 πρὸς
1069 1368 1100 1423 θν
1125 1364 1185 1423 οὐδὲ
1207 1367 1321 1444 πατέρες

199 1462 261 1522 οτίδέ
276 1471 408 1544 συγγενεῖς
423 1464 629 1543 συγκρινόμενον
643 1466 673 1521 τὸ
688 1464 770 1544 τυχόν
786 1466 860 1524 εἰσιν.

137 1637 167 1686 10
240 1613 292 1675 οα’.
317 1612 412 1671 Ὅταν
434 1612 467 1670 θέ
488 1593 644 1694 χρονίζη]
668 1615 725 1673 255
749 1615 785 1673 Β.

238 1757 272 1813 Τὸ
292 1761 340 1813 τοῦ
359 1754 508 1834 ἀντέρωτος
524 1753 621 1812 λοιπόν
639 1755 724 1834 λέγει·
745 1756 822 1813 ὅταν
842 1753 886 1829 δέ,
902 1757 980 1838 φησί,
996 1756 1139 1838 χρονίση
1156 1758 1170 1813 ό
1185 1755 1322 1836 ἐρώμενος

199 1860 297 1912 τοῦτο
313 1852 408 1934 ἀρῶν,
424 1853 545 1911 τουτέστι
564 1855 649 1911 συνῶν
666 1860 703 1932 τῷ
719 1854 818 1934 ἐραστῇ
833 1856 878 1912 καί
894 1853 1041 1912 ἀπολαύων
1056 1855 1149 1926 αὐτοῦ,
1165 1855 1228 1912 τότε
1241 1862 1334 1934 γεννᾷγ

197 1953 244 2010 τὸν
260 1953 407 2032 ἀντέρωτα.
422 1986 461 1996 -
477 1953 512 2008 Τὸ
530 1950 558 2008 δέ
572 1937 742 2010 άπτεσθάι·
760 1954 774 2008 ὁ
789 1953 841 2032 γάρ
853 1954 962 2031 γνήσιος
978 1952 1093 2033 ἐραστὴς
1108 1953 1154 2010 καὶ
1168 1953 1321 2028 ἁπτόμενος

199 2049 343 2131 σωφρόνως
359 2050 483 2119 ἅπτεται,
498 2050 536 2113 ὡς
553 2046 657 2130 ἔχομεν
674 2051 720 2106 τὸν
737 2051 867 2129 Σωκράτη
883 2052 928 2108 καί
941 2051 1146 2129 γυμναζόμενον
1161 2052 1207 2107 καὶ
1226 2072 1323 2130 συγκα·

136 2165 166 2213 15
199 2147 327 2206 θεόδοντα
347 2143 512 2224 ’Δλκιθιάθη.
533 2182 571 2192 -
592 2149 626 2204 Τὸ
649 2145 677 2204 δέ
698 2148 774 2205 τότε
796 2147 857 2221 ἤδη
879 2151 897 2220 ἡ
919 2154 976 2206 τοῦ
1001 2149 1166 2227 ῥεύματος
1193 2148 1323 2207 ἐκείνου

198 2248 303 2325 πηγὴ,
318 2245 438 2302 τουτέστι
451 2251 499 2303 τοῦ
513 2244 625 2324 ἐρωτος,
640 2247 670 2303 ὃν
685 2243 776 2325 ἔλεγεν
789 2246 910 2326 ’ίμερον
930 2246 960 2304 ἐκ
978 2252 1026 2304 τοῦ
1047 2244 1261 2322 Γανυμήδους
1278 2248 1324 2304 τὸν

200 2347 248 2402 Δία
270 2347 395 2425 ἠράσθαι·
418 2343 477 2401 τότε
499 2342 547 2400 οὗν
568 2345 583 2399 ὁ
603 2343 701 2423 ’ίμερος
722 2343 775 2400 ἀπὸ
798 2350 845 2401 τοῦ
866 2343 961 2411 παιδὸς
982 2344 1010 2402 ἐν
1032 2344 1105 2420 αὐτῷ
1126 2345 1229 2424 τεχθεὶς
1246 2345 1323 2402 ἀπο-

201 2442 428 2517 μεστοιίμενος
452 2443 496 2498 καὶ
517 2440 668 2522 ἐρχόμενος
688 2440 731 2497 έπί
754 2442 800 2498 τὸν
825 2441 974 2521 ἐρώμενον,
1001 2442 1040 2508 ὡς
1064 2441 1126 2498 ἀπὸ
1151 2441 1252 2501 λείων
1277 2441 1322 2497 καὶ

200 2537 336 2618 λαμπρῶν
350 2538 549 2608 ἀναπάλλεται,
560 2540 606 2594 καί
615 2537 704 2618 ὥσπερ
714 2537 757 2595 ἐπὶ
768 2543 824 2595 τῶν
839 2538 957 2595 ἀκτίνων
968 2538 1167 2596 ἀντανακλᾶται
1178 2539 1224 2595 καὶ
1236 2537 1324 2595 τίκτει

136 2654 168 2703 20
201 2638 247 2694 τὸν
262 2636 411 2716 άντίρωτα·
432 2639 450 2720 ἡ
470 2636 561 2714 πηγὴ
580 2634 727 2707 οὗνὴάπὸ
741 2641 789 2692 τοῦ
805 2636 940 2715 ἐρωμένου
957 2637 1013 2713 [καί
1027 2633 1059 2718 ἡ]
1074 2635 1199 2708 καλλονή
1212 2634 1321 2708 πολλὴ
1350 2634 1353 2639 ’

202 2733 246 2816 [ἡ]
262 2735 446 2815 φερομένη.

240 2889 295 2966 οβ’.
320 2891 377 2945 Καὶ
399 2891 467 2946 οἷον
486 2887 628 2969 πνεῦμα]
651 2889 709 2948 255
732 2887 768 2947 C.

240 3029 343 3086 Λοιπὸν
365 3024 537 3108 παραθαλαῑς
560 3027 703 3109 κέχρηται·
728 3027 830 3108 ῶσπερ,
856 3029 935 3109 φησὶ,
959 3029 990 3084 τὸ
1013 3033 1144 3103 πνεῦμα
1167 3028 1220 3085 ἀπό
1242 3050 1324 3087 τινων
1357 3047 1360 3052 ·
1461 3086 1465 3108 ,

199 3125 301 3183 λείων
324 3127 492 3201 ἀνακάμπτει
515 3123 558 3181 ἐπί
582 3125 612 3182 τὸ
636 3125 758 3207 πεμφθὲν
779 3126 831 3182 ἀπὸ
853 3134 904 3197 τῆς
924 3128 1025 3206 ἠχοῦς,
1046 3126 1064 3197 ἢ
1086 3126 1175 3207 ῶσπερ
1197 3127 1250 3184 άπὸ
1271 3135 1323 3199 τῆς

137 3244 168 3292 25
201 3225 391 3306 ὀφθαλμίας
408 3223 494 3287 ἀλλος
510 3221 717 3298 ἀναπίμπλαται
729 3222 882 3304 ὀφθαλμίας
896 3225 943 3281 καὶ
958 3224 1007 3281 οὐκ
1022 3223 1112 3281 οίθεν
1126 3224 1186 3282 ὅθεν
1197 3230 1279 3282 τοῦτο
1292 3226 1323 3282 τὸ

200 3325 286 3388 πάθος
304 3323 371 3394 έστί,
385 3323 488 3401 γίνεται
503 3321 531 3378 δέ
547 3323 577 3378 τὸ
591 3322 675 3385 πάθος
688 3326 767 3379 τοῦτο
783 3320 826 3378 διά
839 3323 891 3392 τήν
907 3323 1073 3396 συμπάθειαν
1088 3324 1133 3379 καὶ
1148 3323 1199 3391 τὴν
1215 3321 1322 3395 ἐνωσιν,

111 3443 113 3448 ·
200 3423 247 3479 τὸν
267 3422 348 3478 αὐτὸν
369 3422 470 3501 τρόπον
488 3422 533 3478 καὶ
555 3422 570 3477 ό
588 3420 726 3500 ἐρώμενος
740 3422 859 3500 ἀντερῶν
873 3426 921 3478 τοῦ
936 3420 1046 3500 ἐραστοῦ
1062 3420 1136 3502 φιλεῖ
1151 3421 1214 3496 μέν,
1229 3422 1323 3501 ἀγνοεῖ

200 3520 229 3580 δέ
242 3523 257 3578 θ
271 3521 383 3602 πάοχει.
401 3556 439 3564 -
453 3518 568 3599 ’Άρδεν
585 3521 615 3576 τὸ
630 3517 779 3598 ἀρδόμενον
793 3519 830 3585 εἷς
844 3521 911 3595 ὕψος
925 3519 1027 3599 τρέχει·
1043 3526 1126 3577 τοῦτο
1139 3517 1186 3576 οὗν
1202 3518 1277 3599 λέγει
1291 3521 1322 3577 τὸ

94 3625 185 3677 θ72ι*
200 3620 346 3698 ἀνάγεσθαι
365 3620 417 3676 ἀπὸ
432 3625 486 3676 τῶν
499 3623 635 3698 γηγενῶν.
649 3652 688 3662 -
702 3618 737 3674 Τὸ
753 3615 782 3674 δὲ
796 3617 873 3674 ότου
888 3615 931 3690 δέ,
946 3618 1075 3696 ἀπορεῖ·
1095 3618 1100 3697 Ι
1117 3619 1211 3675 τὸτοῦ
1226 3617 1324 3698 ἐρωτος

139 3723 170 3772 30
200 3719 341 3795 ηνωμίνον
353 3720 399 3775 καί
415 3719 545 3799 ὑπερφυές
559 3717 678 3793 ἐσημανε
690 3716 734 3774 διά
746 3723 795 3773 τοῦ
811 3716 934 3796 ἀπορεῖν,
951 3715 992 3773 ότι
1006 3716 1112 3797 ἐρῶμεν
1127 3717 1176 3791 μέν
1192 3724 1243 3789 τῆς
1258 3718 1324 3781 Βέας

201 3819 307 3888 ἐκείνης
325 3816 369 3874 καί
390 3820 527 3890 ζητοῦμεν
541 3817 590 3887 τὴν
607 3816 707 3872 έαυτῶν
721 3813 852 3886 δλότητα,
870 3816 915 3872 άτε
932 3814 1214 3894 ἀποτετεμαχισμένοι
1234 3812 1322 3886 θντες,

202 3917 351 3996 ἀγνοοῦμεν
362 3914 390 3972 δέ
404 3915 444 3971 ότι
459 3913 575 3994 ἐρῶμεν,
591 3914 637 3970 καὶ
651 3912 841 3987 ἀποπίπτομεν
854 3913 890 3978 είς
904 3915 953 3983 τήν
967 3910 1037 3984 ὕλην
1052 3914 1097 3968 καὶ
1111 3913 1143 3969 τά
1158 3914 1280 3985 αἰσθητά.

234 4157 281 4207 Nc
301 4158 317 4206 2
335 4158 537 4223 προσδεξαμένου
555 4158 608 4205 κτλ.
624 4153 725 4205 desunt
738 4151 873 4203 nonnulla
935 4151 1104 4217 θικπλήττει,
1120 4156 1132 4204 ἐ
1149 4153 1223 4204 rubr.
1237 4158 1261 4204 A

95 4233 105 4243 “
200 4228 271 4292 θόν]
287 4231 312 4280 ἐν
328 4229 356 4278 Μ
422 4229 524 4294 πατέρες
538 4219 621 4293 (ᾖς’)
635 4230 699 4292 τρεῖς
714 4224 744 4273 Μ
808 4222 839 4273 10
855 4223 924 4285 θταν,
940 4223 953 4275 θ
971 4223 1083 4274 1'ub1··1¹⁵
1148 4225 1176 4274 ll
1194 4227 1254 4290 φησὶ
1268 4238 1323 4275 om.

204 4302 231 4351 M
297 4300 326 4349 14
352 4298 490 4365 Σωκράτην
518 4298 546 4347 Μ
610 4299 653 4347 καὶ
675 4294 870 4362 γυμναζόμενον]
897 4294 1157 4361 συγγυμναζόμενονθ
1222 4297 1252 4346 15
1275 4300 1351 4352 τότ’,

204 4371 272 4423 plat.
336 4369 368 4421 16
385 4369 556 4434 γαννυμήδους
571 4372 595 4418 Α
658 4367 689 4418 17
704 4370 749 4419 τοῦ
764 4379 819 4417 om.
838 4365 865 4415 M
931 4365 962 4416 18
978 4366 1027 4432 ἐπί]
1043 4368 1105 4432 πρὸς
1121 4370 1148 4416 Μ
1215 4368 1245 4417 19
1262 4370 1325 4419 άνα·

201 4440 330 4505 πάλλεται]
348 4443 535 4506 ἀναπίμπλαται
556 4439 583 4489 Μ
605 4444 627 4499 (α
644 4452 713 4488 num
732 4436 911 4502 άναπάλλεται;
921 4440 951 4486 ut
967 4436 1076 4503 supra?
1092 4455 1105 4483 υ
1124 4440 1194 4500 Αετ)
1256 4437 1288 4488 θθ
1309 4443 1325 4503 ἡ

202 4518 264 4563 aute
286 4514 337 4564 ἀπὸ
355 4525 410 4563 om.
432 4511 460 4560 M
524 4513 567 4562 καὶ
588 4513 619 4573 ἡ,
643 4510 743 4560 deinde
766 4511 782 4572 ὴ
803 4508 906 4559 seclusi
967 4508 998 4560 22
1018 4511 1071 4569 καὶ,
1095 4529 1111 4559 α
1134 4509 1209 4559 rubr.
1237 4514 1261 4559 A

200 4586 233 4634 25
250 4579 326 4648 οἶδεν]
345 4579 409 4635 είδεν
427 4583 456 4632 Μ
520 4585 593 4634 τοῦτο
608 4593 690 4645 supra
707 4594 778 4631 vers.
793 4580 826 4628 Α1
