3150 5504
445 452 500 506 ΕΙΣ
521 453 582 504 1οΝ
606 449 782 505 nmmos
804 452 946 505 ΦΑΙΔΡΟΝ
969 448 1093 503 ΣΧΟΛΙΔ
1301 456 1329 510 51

126 618 175 683 1851
208 611 316 691 χείρους
336 609 364 667 δέ
380 609 452 685 μηδὲ
469 605 720 690 προὸεύλημένους,
735 609 823 686 ὅμως,
843 611 885 674 ὡς
904 608 1027 675 είὸὁτες
1041 611 1088 673 τὰς
1105 608 1195 674 ούσίας
1209 610 1254 667 καὶ
1267 610 1331 672 τούς
1381 632 1383 637 ⁴

209 711 337 789 ὁρισμούς
353 716 408 767 τῶν
428 708 513 766 ὄντων
532 710 576 766 καί
594 708 620 765 τί
637 707 750 766 ἕκαστον
766 709 905 784 σημαίνει,
924 710 1009 774 ούτως
1023 710 1145 789 ὁρμῶσιν
1157 707 1200 765 ἐπὶ
1218 709 1248 765 τὸ
1262 708 1332 765 ἀπο-

210 807 352 888 φαίνεσθαί
374 831 401 865 τι
421 808 484 886 περὶ
508 808 608 883 αὐτῶν,
634 805 749 865 κάπειτα
776 806 987 886 έναντισλογίσιις
1011 808 1215 886 περιπίπτουσιν
1239 808 1278 870 ῶς
1300 808 1333 864 τέ

208 905 333 981 θεμέλια
351 912 408 964 τῶν
430 905 532 984 λόγων,
556 904 675 963 τουτέστι
697 906 759 970 τοὺς
785 906 927 985 ὁρισμούς,
955 909 993 981 μὴ
1017 903 1207 984 προδιαθέντες
1227 904 1330 970 καλῶς.

163 1011 178 1058 5
212 1031 226 1060 «
246 1003 378 1076 Ἐπειδὴ
397 1003 455 1076 ούν,
477 1006 553 1084 φησί,
573 1006 619 1061 καὶ
637 1009 708 1080 ἡμῖν
727 1005 902 1085 πρὸκειται
918 1004 1032 1084 πότερον
1052 1003 1169 1083 ἐρῶντι
1189 1003 1332 1078 μάλλονὴ

212 1105 255 1177 μὴ
277 1103 374 1182 ἐρῶντι
392 1102 536 1183 χαριστέον
554 1103 600 1160 καί
616 1103 664 1167 εἷς
684 1102 802 1183 ιριλίαν
818 1102 914 1173 ἰτέον,
933 1101 975 1160 δεῖ
990 1102 1127 1182 ὁρίσασθαι
1140 1103 1185 1159 τὸν
1200 1099 1298 1180 έρωτα·
1318 1127 1331 1155 υ

212 1200 340 1274 δηλονότι
358 1208 454 1259 τοῦτον
470 1202 517 1260 τὸν
532 1201 696 1272 ἀκόλαστον,
713 1203 743 1258 ὁν
758 1202 803 1257 καί
817 1201 958 1281 πρόκειται
973 1199 1154 1281 ἐπιρραπίσαι,
1170 1200 1214 1258 ’ίνα
1229 1200 1272 1257 ἐπί
1288 1201 1334 1257 τὸν

211 1300 336 1380 σώφρονα
351 1297 440 1378 ἔρωτα
451 1307 502 1370 τῆς
518 1303 611 1380 ψυχῆς
626 1300 671 1356 καί
685 1299 801 1374 κὸσμισν
816 1300 922 1380 ἀναχθῇ
936 1303 950 1358 ὁ
965 1302 1034 1364 νέος.
1051 1301 1122 1357 Ἐπεί
1138 1299 1183 1357 σύν
1197 1300 1335 1380 πρόκειται

212 1397 362 1476 ὁρίσασθαι,
383 1398 432 1477 δρα
450 1397 527 1461 ὁπως
548 1396 592 1454 διὰ
607 1407 657 1469 τῆς
676 1396 841 1476 διαιρετικῆς
859 1399 946 1470 πάσης
961 1397 1061 1457 ὁδεύει·
1078 1402 1095 1470 ὴ
1115 1400 1167 1478 γάρ
1186 1397 1333 1478 διαιρετικὴ

86 1522 89 1528 ’
150 1500 181 1550 10
213 1499 270 1554 οἷον
287 1494 449 1575 γενεαλογεῖ
468 1497 498 1552 τὸ
517 1503 643 1576 πρᾶγμα·
658 1496 749 1574 ὥσπερ
764 1497 827 1576 γὰρ,
844 1497 906 1554 ὁταν
920 1519 946 1554 τι
960 1504 1015 1554 τῶν
1030 1503 1149 1577 μερικῶν
1163 1505 1336 1576 παραστῆσαι

106 1590 163 1641 1‘31
170 1596 199 1638 θ’
211 1590 356 1669 θέλωμεν,
372 1594 421 1650 ούκ
439 1593 595 1673 ἀρκούμεθα
611 1600 651 1667 τῷ
667 1595 756 1650 εἰπεῖν
775 1594 779 1673 Ι
799 1593 881 1651 αὐτού
897 1596 927 1651 τὸ
948 1593 1043 1670 ὄνομα,
1066 1592 1130 1652 ἀλλ’
1146 1595 1198 1651 ἀπὸ
1213 1601 1269 1652 τῶν
1287 1617 1337 1652 πα-

212 1693 297 1771 τέρων
311 1694 356 1748 καί
372 1693 489 1748 πάππων
504 1693 549 1748 καί
563 1690 693 1771 πατρίδος
709 1692 864 1775 ἀρχόμεθα,
881 1692 953 1749 ούτω
969 1690 1002 1763 δὴ
1020 1694 1064 1748 καί
1078 1696 1095 1763 ὴ
1113 1690 1259 1772 διαιρετικὴ
1278 1696 1336 1749 οἷον

214 1788 378 1869 γενεαλογεῖ
393 1791 424 1846 τὸ
438 1797 563 1870 πρᾶγμα,
581 1774 720 1864 ,θαμύάνει
735 1788 769 1860 δὴ
786 1788 831 1847 οὸν
844 1797 893 1847 τοῦ
908 1786 1008 1870 ἐρωτος
1025 1791 1102 1869 γένος
1115 1793 1165 1861 τὴν
1181 1790 1335 1868 ἐπιθυμίαν,

214 1887 335 1967 ἄντικρυς
353 1889 422 1944 κατὰ
437 1889 467 1944 τὸ
484 1887 527 1945 ὑπ’
545 1886 746 1968 Ἀριστοτέλους
761 1889 842 1966 ρἠθέν
858 1887 900 1945 δτι
915 1898 985 1970 σαφῆ
1008 1887 1051 1946 δεῖ
1070 1889 1139 1945 εἶναι
1157 1890 1191 1946 τά
1210 1887 1338 1946 ἀποδιδὸ-
1400 1969 1401 1972 γ

151 1990 181 2041 15
215 2007 285 2059 μενα
299 1985 365 2063 γένη
381 1991 435 2041 τῶν
449 1987 581 2064 ὁρισμῶν.
592 1983 653 2042 Ὅτι
668 1983 697 2043 δέ
711 1988 726 2043 ὁ
741 1986 808 2066 ἐρῶν
823 1985 949 2061 ἐπιθυμεῖ
962 1984 1103 2065 πρόδηλον
1116 1994 1207 2043 πᾶσιν·
1225 1987 1283 2043 εἶτα
1295 1986 1339 2044 ίνα

213 2077 287 2160 δείξη
304 2084 341 2147 ὡς
357 2085 433 2161 γένος
451 2082 584 2156 είληπται
598 2088 616 2154 ὴ
633 2084 772 2158 ἐπιθυμία,
792 2086 872 2164 φησίν
889 2084 930 2141 δτι
945 2085 994 2141 ούκ
1013 2084 1189 2165 ἀντιστρέφει·
1211 2084 1242 2141 ού
1258 2085 1338 2165 γὸρὸ

214 2181 353 2256 ἐπιθυμῶν
368 2183 411 2237 καὶ
427 2182 483 2260 ἐρᾷ·
502 2184 546 2238 καί
561 2183 612 2261 γὰρ
628 2182 787 2256 ἐπιθυμοῦσι
801 2180 902 2240 πολλοὶ
917 2174 1012 2239 σιτίων
1023 2184 1068 2239 καί
1082 2183 1173 2239 πὸτων
1186 2184 1231 2238 καί
1246 2183 1277 2239 οὐ
1293 2181 1338 2239 λέ-

214 2300 307 2356 γονται
318 2278 395 2353 ὅμως
411 2278 472 2358 ἐραν
486 2277 548 2336 ούδὲ
566 2279 681 2358 ἐρασταί.
693 2279 721 2335 '0
736 2280 787 2359 γάρ
802 2276 870 2358 ἔρως
884 2279 927 2335 έπὶ
940 2277 1027 2355 ἡδονῇ
1045 2278 1166 2342 κάλλους
1182 2285 1339 2353 σωματικοῦ

215 2375 321 2455 λέγεται
335 2379 407 2456 παρὰ
421 2384 476 2434 τῶν
490 2375 616 2438 πολλῶν.
634 2376 718 2435 Ὥστε
733 2377 810 2456 γένος
827 2384 875 2435 τοῦ
891 2376 1020 2458 ἐρωτοςὴ
1039 2377 1179 2453 ἐπιθυμία.
1194 2377 1265 2435 Ἐπεὶ
1278 2375 1338 2448 δέὴ

153 2479 185 2529 20
216 2474 345 2550 ἐπιθυμία
359 2465 451 2555 τριττὴ
469 2476 534 2547 ἐστι,
550 2476 632 2533 ποίαν
647 2483 694 2533 νύν
710 2471 845 2550 λαμὸἀνει
861 2476 1003 2548 ζητητέον·
1019 2479 1033 2547 ὴ
1047 2476 1096 2551 μέν
1111 2477 1162 2555 γάρ
1178 2475 1247 2533 ἐστιν
1263 2475 1340 2532 ούσία

215 2576 260 2630 καί
272 2575 367 2653 μὸριον
378 2576 406 2632 ἐν
420 2583 469 2647 τῆς
479 2579 569 2656 ψυχῆς
580 2574 621 2654 (τὸ
634 2576 729 2655 μύριον
740 2576 792 2655 γὰρ
802 2583 852 2645 τῆς
863 2578 954 2655 ψυχῆς
967 2576 997 2630 τὸ
1009 2570 1204 2649 ἐπιθυμητικὸν
1213 2575 1350 2648 ἐπιθυμία

217 2670 351 2752 λέγεται)·
364 2676 382 2744 ὴ
394 2671 423 2729 δέ
438 2671 610 2747 δύναμιςκαὶ
624 2668 676 2739 ’ἐξις
691 2673 830 2752 ἐρρωμένη
847 2672 902 2729 ἐστὶ
916 2679 964 2728 τού
981 2671 1191 2747 ἐπιθυμητικοῦ,
1202 2674 1247 2728 καὶ
1261 2672 1340 2750 λέγε·

216 2792 260 2827 ται
272 2773 318 2827 καί
333 2771 398 2843 αύτὴ
416 2771 553 2845 ἐπιθυμία,
571 2774 629 2828 οἷον
646 2797 659 2826 ιι
679 2771 880 2847 ἐπιθυμητικῶς
899 2767 956 2851 ἐχω
976 2771 1045 2826 πάνυ
1063 2770 1156 2827 πότων
1176 2770 1193 2840 ὴ
1214 2768 1339 2847 λὸγωνί,

217 2869 306 2949 εύχῶν
325 2891 350 2923 ο·
369 2872 387 2940 ἢ
403 2867 431 2925 δέ
448 2869 566 2948 ἐνέργειά
581 2870 636 2925 ἐστι
653 2877 702 2926 τού
718 2869 913 2944 ἐπιθυμητικοῦ
932 2868 974 2925 ἐπί
990 2867 1078 2948 βραχύ
1093 2867 1222 2946 γινομένη
1238 2869 1283 2924 καί
1301 2865 1341 2924 ἐπ’

154 2971 185 3020 25
218 2966 323 3044 ὀλίγον,
345 2969 384 3030 ὡς
404 2968 469 3024 ὁταν
489 2967 648 3042 ἐπιθυμήσω
670 2967 776 3045 βαδίσαι
793 2969 810 3038 ὴ
832 2967 1021 3038 ἀνακλιθῆναι.
1043 2966 1110 3024 Ούτε
1130 2966 1176 3025 σύν
1193 2968 1224 3024 τὸ
1244 2967 1341 3046 μὸριον

218 3073 266 3137 τῆς
281 3069 372 3145 ψυχῆς
387 3073 433 3122 νῦν
448 3063 583 3140 λαμὸαίντι
598 3068 648 3137 τὴν
665 3066 809 3141 ἐπιθυμίαν
822 3067 859 3131 ὡς
876 3067 953 3144 γένος
964 3073 1013 3122 του
1030 3063 1141 3145 ἐρωτος·
1157 3067 1228 3123 οὕτω
1244 3067 1294 3144 γὰρ
1310 3064 1342 3121 ἀν

216 3163 314 3225 πάντες
330 3161 405 3243 ἥρων
421 3162 567 3243 ἄνθρωποι·
585 3163 647 3221 οὔτε
661 3167 711 3234 τὴν
727 3164 873 3245 ἐνέργειαν·
891 3164 922 3221 ού
936 3165 989 3242 γὰρ
1005 3163 1049 3219 έάν
1065 3163 1144 3220 ἐσθίω
1159 3164 1176 3235 ὴ
1193 3163 1301 3245 ριλὴσω
1316 3186 1342 3218 τι
1402 3236 1410 3250 .

219 3260 260 3317 ἐπ’
271 3259 366 3340 ὀλίγον
381 3264 426 3318 καί
441 3261 532 3341 ὴρέμα
545 3262 608 3339 ἐρᾶν
624 3263 752 3341 λέγομαι·
771 3263 844 3322 ἀλλά
859 3261 989 3335 δηλονότι
1002 3265 1051 3333 τὴν
1066 3261 1180 3337 δύναμιν
1194 3264 1245 3332 τὴν
1261 3262 1342 3341 ἐρρω-

221 3355 305 3431 μένην
319 3365 368 3414 τσῦ
387 3357 581 3433 ἐπιθυμητικοῦ
601 3361 647 3416 καὶ
667 3362 718 3429 τὴν
735 3361 851 3435 μὸνιμον
869 3361 914 3416 καί
930 3358 1091 3431 δυσκίνητον
1109 3356 1164 3425 ἕξιν
1181 3367 1230 3430 τῆς
1252 3359 1341 3415 ἐπιθυ-

156 3462 188 3510 30
221 3455 284 3530 μίας
305 3451 439 3531 λαμὸἐνει
456 3464 503 3513 νῦν
518 3457 568 3525 τὴν
585 3458 624 3521 ῶς
644 3459 723 3536 γένος
740 3459 881 3534 ἐπιθυμίαν
894 3466 942 3515 τοῦ
958 3455 1072 3536 ἐρωτος·
1094 3457 1120 3514 ἐν
1135 3457 1187 3536 γάρ
1202 3461 1235 3532 τῇ
1251 3456 1343 3529 τοιᾷδε

218 3551 272 3618 ἕξει
294 3554 404 3632 λέγεται
425 3557 439 3610 ὁ
462 3554 529 3632 έρως
548 3556 627 3616 εἶναι.
650 3553 748 3614 λαθὼν
768 3556 814 3614 οὗν
832 3556 863 3613 τὸ
885 3556 976 3634 γένος,
999 3558 1095 3615 λοιπὸν
1112 3556 1274 3635 προστίθησι
1296 3557 1343 3620 τάς

220 3651 357 3731 διαροράς,
373 3652 419 3708 ίνα
430 3652 459 3709 ἐκ
471 3651 563 3731 γένους
574 3658 618 3712 καί
633 3653 769 3734 διαφορῶν
783 3652 870 3732 πλέξῃ
886 3657 933 3713 τὸν
949 3656 1074 3734 ὁρισμόν.
1092 3655 1183 3718 θύτως
1195 3655 1227 3710 τά
1243 3654 1342 3732 λογικά

219 3749 307 3806 πάντα
327 3746 503 3829 θεωρήματα
526 3750 727 3831 Ἀριστοτέλους
750 3751 934 3832 προείληπται
955 3755 1029 3833 παρὰ
1053 3752 1178 3810 Πλάτωνι
1199 3750 1233 3808 δι’
1253 3751 1342 3809 αύτῶν

252 3987 282 4037 11
298 3987 334 4036 cf.
356 3986 440 4035 Αιιαὶ.
459 3994 530 4050 ροσε.
549 3987 572 4037 11
591 3988 629 4048 13,
649 3987 706 4037 97ὁ
725 3989 755 4038 32
773 3990 801 4040 τὸ
821 3988 897 4053 σαφὲς
915 3987 1088 4055 δείύπίιρχειν
1104 3992 1194 4046 ἐντοῖς
1212 3988 1279 4054 ὅροις

221 4059 251 4110 33
267 4058 296 4108 in
310 4059 434 4122 Metaph.
450 4064 538 4124 σαὶερ.
554 4069 605 4110 ew.

252 4183 314 4233 TlT
336 4184 407 4235 θὸτι
431 4187 459 4236 :b
483 4189 553 4250 γένος
575 4191 608 4243 ῶς
628 4186 753 4252 γνώριμον
777 4184 898 4248 λαμθάνει
923 4187 938 4246 ἠ
963 4184 1098 4251 διαιρετικὴ
1122 4186 1224 4247 μέθοδος
1247 4186 1280 4234 B·

222 4255 251 4304 13
267 4258 280 4305 ὁ
295 4256 356 4320 ἐρως
369 4259 485 4320 ἐπιθυμία
499 4277 534 4315 τις
551 4257 596 4307 Bc
658 4257 690 4306 20
703 4256 784 4324 τριττὴ
800 4260 816 4318 ὴ
830 4260 947 4320 ἐπιθυμία
962 4261 985 4306 Α
1001 4258 1026 4319 (ὴ
1041 4261 1080 4307 ἐπ.
1093 4277 1115 4308 τ.
1133 4255 1187 4319 Bc)

254 4389 464 4455 ΝῦίμὴδέΑ
529 4389 940 4455 ώςοιιι..11,5ρησὶοω.11
1006 4393 1110 4456 πότερον
1125 4402 1160 4440 ex
1178 4394 1298 4458 πρότερον
1318 4393 1340 4439 Α

283 4463 299 4511 6
318 4461 460 4528 ὁρίσασθαι]
476 4465 599 4528 ὁρίζεσθαι
617 4461 644 4510 Μ
711 4461 737 4511 11
755 4457 908 4526 ἀρκούμεθα]
924 4457 1065 4528 ἀρνούμεθα
1082 4460 1110 4509 Μ
1175 4461 1221 4526 τῷ]
1239 4463 1266 4511 τὸ
1285 4464 1343 4510 Asu·

221 4608 251 4654 λ,
284 4533 393 4655 191ὲ1τρρρ
414 4532 498 4596 ἐπειδὴ
519 4533 547 4581 Μ
612 4532 642 4582 27
661 4537 752 4598 ,τιλέοω
771 4535 808 4582 Α*
872 4533 901 4581 33
919 4536 1083 4599 προειληπται
1101 4532 1218 4597 scripsi:
1239 4536 1370 4599 προσείη

248 4624 312 4668 γπῗαί
