3164 5512
364 536 418 586 ΕΙΣ
440 537 501 586 ΤΟΝ
522 537 700 588 ΠΛΑΤΩΝΟΣ
722 537 864 588 ΦΑΙΔΡΟΝ
885 534 1007 585 ΣΧΟΛῘΑ
1199 542 1246 593 245

25 693 91 760 1194]
165 684 226 753 σις’.
250 692 361 766 Ψυχῆς
383 683 438 741 οῦν
460 686 565 766 ρόσιν]
588 687 646 745 270
669 684 705 745 C.

163 826 234 900 “οτι,
252 830 343 909 ρησῖν,
359 826 490 885 άδόνατυν
506 830 538 886 τὰ
554 832 650 909 μερικά
667 837 765 910 γνῶναι
786 833 824 906 μὴ
845 832 878 887 τά
897 829 946 887 θλα
966 829 1180 905 ἐπισκεψάμενον
1198 830 1244 885 καὶ

124 927 302 1005 καταγνόντα·
320 926 363 983 ἐπὶ
377 926 410 982 τά
425 926 477 984 όλα
491 925 536 984 οῦν
550 928 693 1010 ἀνατρέχει
707 931 721 984 ό
737 927 818 1007 λόγος
831 933 879 985 τοῦ
895 926 1065 1007 Σωκράτους,

162 1086 223 1152 σιζ’.
249 1085 282 1139 E}
305 1083 362 1158 μέν
384 1081 607 1163 Ἱπποκράτει]
630 1085 688 1143 270
711 1083 747 1144 C.
826 1141 827 1144 ,

77 1223 92 1270 ⁵
162 1229 231 1307 Ὅρα
248 1233 307 1292 πῶς
321 1227 424 1284 ἐπαινεῖ
438 1228 484 1284 τὸν
502 1227 683 1307 Ἱπποκράτην
700 1229 816 1307 λέγοντα
831 1229 873 1285 ότι
888 1228 919 1284 οῦ
935 1227 1018 1303 μόνον
1031 1228 1064 1284 τά
1077 1227 1137 1307 περὶ
1154 1230 1244 1306 ψυχῆς

124 1327 154 1383 οῦ
173 1326 284 1384 δυνατὸν
303 1334 445 1405 θεωρῆσαι
465 1324 524 1383 ἄνευ
544 1332 592 1384 τοῦ
608 1335 747 1406 θεωρῆσαι
768 1328 818 1396 τὴν
839 1325 905 1397 ὅλην
926 1328 1027 1407 ψυχὴν,
1048 1322 1112 1382 ἀλλ’
1132 1323 1193 1382 οῦδὲ
1213 1325 1245 1381 τά

124 1425 184 1503 περί
200 1424 340 1498 σώματος.

164 1579 230 1648 σιη’.
254 1573 371 1640 Καλῶς
393 1577 453 1657 γάρ
476 1577 498 1633 ὦ
520 1561 631 1657 έίταῑρε
653 1575 755 1658 λέγει]
777 1578 835 1636 270
858 1576 907 1635 C.'

164 1717 224 1777 Ὅτι
243 1717 371 1776 ἀθάνατον
388 1719 423 1775 τά
443 1718 513 1798 μέρη
534 1718 723 1794 ἐπιστημόνως
744 1718 902 1798 ἐπεσκέφθαι
923 1720 960 1793 μὴ
981 1717 1013 1773 τά
1032 1715 1084 1774 όλα
1103 1714 1245 1790 ἐπισκεψά-

60 1829 92 1880 10
127 1839 216 1892 μενον.
233 1851 273 1861 -
292 1819 355 1896 Χρή
373 1816 487 1891 μέντοι
503 1817 581 1896 πρὸς
599 1822 640 1895 τῷ
655 1815 875 1897 Ἱπποκράτει·
895 1817 1029 1873 τουτέστιν
1044 1815 1093 1871 οῦκ
1107 1814 1246 1893 ἀρκεῖσθαι

123 1914 164 1974 δεῖ.
178 1921 213 1991 τῇ
229 1913 328 1989 ἐνδόξῳ
342 1916 443 1987 πίστει,
458 1913 528 1971 ἀλλὰ
540 1916 586 1971 τὸν
601 1913 787 1973 ἀποδεικτικὸν
803 1916 887 1994 λόγον
903 1915 1022 1993 ἐπάγειν,
1045 1917 1082 1990 μή
1099 1913 1140 1970 ότι
1155 1913 1246 1970 ‘Imro-

122 2017 222 2095 κράτης
236 2015 310 2072 εἶπεν
325 2012 399 2071 ἀλλὰ
414 2012 456 2069 διά
471 2014 496 2069 τί
513 2015 600 2077 οὕτως
616 2014 686 2072 είπε,
707 2014 712 2092 Ι
985 2012 987 2015 ’

17 2179 98 2243 p,195
165 2163 225 2223 σιθ’.
248 2165 288 2220 Τὸ
309 2164 422 2221 τοίνυν
443 2165 520 2243 περὶ
541 2165 680 2244 ῳιίσεως]
702 2165 761 2223 270
783 2163 821 2224 C.

163 2307 206 2369 Είς
220 2304 304 2361 ταῦτά
318 2303 376 2384 ἄγει
390 2310 427 2383 τῷ
443 2303 538 2378 ἀληθεῖ
552 2304 629 2383 λόγῳ
643 2306 690 2361 τὸν
703 2311 750 2362 τοῦ
764 2305 955 2385 Ἱπποκράτους
968 2305 1130 2384 ἀρορισμὸν,
1145 2304 1190 2360 καὶ
1206 2303 1246 2360 ὅτι

60 2412 90 2462 15
123 2401 169 2460 ἐὰν
184 2399 272 2478 Βέλης
286 2423 311 2458 τι
330 2411 483 2482 θεωρῆσαι,
499 2403 647 2480 ἀναγκαῖον
666 2407 818 2484 κεχρῆσθαι
833 2407 870 2478 τῇ
889 2400 1034 2481 διαιρετικῇ
1051 2399 1169 2477 μεθόδῳ,
1187 2403 1246 2458 οἷον

123 2501 174 2581 ἄρα
189 2501 293 2559 ἁπλοῦν
307 2500 361 2557 ἐστι
375 2502 406 2557 τὸ
419 2507 498 2576 σῶμα
512 2502 530 2571 ἢ
544 2501 679 2574 σύνθετον,
695 2502 740 2556 καί
757 2501 844 2579 λέγειν
856 2501 908 2572 ότι,
925 2500 970 2557 έάν
984 2502 1033 2575 μὲν
1049 2497 1151 2556 ἁπλοῦν
1165 2500 1195 2576 ᾖ,
1215 2500 1245 2556 τὸ

18 2606 107 2657 1⁰85v0
123 2599 169 2655 καί
185 2599 215 2655 τῦ
239 2599 244 2678 Ι
267 2599 337 2677 αὐτῷ
357 2599 480 2677 ἁρμόζει,
501 2600 546 2654 καί
561 2600 677 2679 πέῳυκεν
697 2599 748 2656 ὑπό
767 2620 848 2655 τινων
869 2600 917 2674 μὲν
935 2599 1061 2678 πάσχειν,
1081 2596 1119 2661 είς
1138 2619 1197 2653 τινα
1217 2595 1246 2655 δὲ

122 2696 186 2777 δρᾶν
203 2696 275 2776 (ὅθεν
291 2697 467 2777 ’Ἱπποκράτης
487 2697 652 2775 βουλόμενος
671 2692 756 2764 δεῖξαι
772 2698 813 2754 ότι
833 2697 881 2754 οῦκ
897 2694 968 2753 ἔστιν
988 2695 1092 2753 ἁπλοῦν
1109 2695 1194 2753 εἶπεν·
1217 2697 1245 2753 εἰ

120 2797 154 2854 ἓν
167 2797 206 2866 ἦν
221 2797 255 2854 τὸ
271 2803 365 2872 σῶμα
379 2798 438 2854 οὐκ
453 2797 487 2853 δν
501 2796 644 2877 ἤλγεενψ,
661 2798 684 2855 εί
699 2796 727 2853 δὲ
747 2797 883 2869 σύνθετον,
900 2796 930 2853 ἐκ
946 2797 1037 2853 πόσων
1053 2793 1123 2877 [καὶ]
1139 2795 1245 2874 σύγκει-

58 2909 90 2960 20
105 2956 107 2962 ,
121 2917 165 2952 ται
178 2895 223 2952 καί
237 2895 334 2952 ποίων·
351 2894 392 2952 ότι
406 2894 436 2952 έκ
449 2896 585 2975 τεσσάρων
601 2896 755 2976 στοιχείων,
772 2901 888 2974 θερμοῦ,
903 2899 1021 2976 ψυχροῦ,
1038 2888 1131 2974 ξηροῦ,
1149 2895 1242 2974 ὑγροῦ.
1316 2966 1318 2970 .

122 3028 161 3039 -
186 2994 235 3050 Καὶ
257 3000 359 3049 ταῦτα
379 2993 732 3079 καταριθμησάμενυν,
758 2993 835 3072 ὅπερ
860 2992 912 3049 έπί
936 2993 1008 3056 ένὸς
1030 2991 1102 3071 λέγει
1125 2992 1152 3048 τί
1172 2999 1246 3049 ποιεῖ

121 3093 165 3147 καί
182 3092 233 3148 ὑπὸ
251 3090 333 3147 τίνων
347 3091 458 3172 πάσχει,
478 3092 565 3155 οὕτως
580 3092 624 3148 καὶ
640 3088 752 3149 ἕκαστον
768 3092 871 3148 τούτων
885 3096 937 3148 ποῦ
952 3090 1073 3172 πέρυκε
1092 3097 1180 3148 ποιεῖν
1198 3091 1244 3147 καὶ

123 3191 174 3247 ὑπὸ
189 3191 263 3254 τίνος
278 3190 404 3270 πάσχειν.

163 3344 215 3411 σκ’.
240 3344 319 3403 Ἀλλ’
342 3347 378 3404 οῦ
402 3349 465 3421 μὴν
489 3344 720 3428 ἀπεικαστέον]
743 3347 801 3404 270
823 3344 860 3405 E.

57 3506 88 3557 25
163 3486 249 3547 Ἀλλά
267 3489 322 3545 τὸν
340 3489 441 3568 τέχνη
463 3489 620 3564 μετιόντα
638 3489 671 3545 τά
689 3490 838 3568 πράγματα
856 3490 901 3545 καί
920 3487 1058 3562 ἐπιστήμη
1078 3487 1137 3543 οῦκ
1156 3486 1244 3544 άπει·

120 3586 259 3643 καστέον
272 3587 393 3666 τυρλῷ,
410 3584 483 3643 ἀλλὰ
500 3593 619 3667 φωτεινῷ
634 3588 679 3644 καὶ
695 3593 779 3666 νοερῷ
798 3586 943 3666 ἀνθρώπῳ.

161 3739 231 3795 σκα’.
254 3735 354 3794 Ἀλλά
376 3734 480 3808 δῆλον
502 3739 545 3803 ὡς
567 3737 603 3794 άν
623 3739 667 3812 τῳ
687 3737 750 3818 τις]
773 3740 832 3797 270
854 3738 911 3819 Ῑό.7

162 3879 253 3951 Δῆλον
273 3880 314 3937 ὅτι
333 3878 466 3959 ἀνάλογόν
485 3881 601 3940 ἐστικαὶ
621 3882 663 3939 ἐπὶ
680 3891 729 3955 τῆς
748 3886 849 3964 ψυχῆς,
869 3883 958 3962 ὥσπερ
975 3885 990 3939 ό
1009 3883 1136 3963 ράρμακα
1150 3880 1242 3949 γδιδοὺς

122 3977 228 4053 σώματι
243 3981 293 4050 τὴν
308 3980 385 4060 φύσιν
399 3986 447 4037 τοῦ
462 3981 589 4056 σώματος
604 3988 741 4051 κατανοεῖ,
756 3982 841 4046 οὕτως
854 3983 900 4037 καὶ
920 3983 935 4037 ό
955 3980 1055 4059 λόγους
1075 3980 1187 4055 μέλλων
1203 3978 1242 4037 δι-

57 4088 89 4136 30
120 4075 195 4133 δόναι
213 4081 289 4158 ψυχῇ
310 4079 347 4141 ὡς
365 4079 492 4158 ράρμακα
506 4077 612 4160 δρείλει
631 4083 681 4151 τὴν
703 4081 780 4160 ρῦσιν
798 4089 847 4150 τῆς
866 4084 956 4159 ψυχῆς
976 4077 1110 4159 διερευνᾶν
1130 4080 1243 4158 πότερον

153 4265 516 4333 ΝΟῙψυχῆς,ψυι·υίιτ.Α
579 4269 748 4333 2όλα]άλλα
769 4269 822 4318 ΜΕ
884 4269 1054 4320 himba&
1115 4269 1241 4330 8καλῶς,

120 4337 225 4388 urubr.
245 4342 270 4387 Α
334 4339 363 4388 13
380 4339 417 4399 τδ,
436 4359 450 4389 τ
471 4340 589 4390 rubr.'A
653 4343 683 4391 14
704 4341 738 4398 είς
757 4353 791 4391 ex
811 4345 836 4392 ἑν
856 4344 881 4390 Α
924 4340 1031 4407 ταῦτα]
1050 4344 1128 4392 ταῦτα
1150 4341 1179 4390 Μ

66 4426 67 4430 ’
122 4406 153 4457 16
174 4408 224 4474 ἄρα
241 4407 305 4458 libri
371 4411 437 4473 λέγει
457 4409 484 4457 Μ
555 4410 584 4459 17
607 4409 683 4478 αὐτῷ]
707 4410 767 4461 αὐτὸ
792 4411 818 4459 Μ
844 4410 909 4473 flam
932 4418 1089 4461 correxerat
1112 4416 1179 4472 Aer)

119 4497 175 4529 τινα
194 4478 230 4544 δέ]
248 4482 304 4530 τάδε
326 4480 354 4529 Μ
420 4480 449 4529 19
470 4477 578 4545 ἤλγησεν
602 4481 630 4530 Μ
694 4484 737 4532 καί
756 4481 859 4535 seclusi
920 4483 952 4533 20
973 4480 1059 4550 ξηροῦ]
1081 4485 1124 4533 καί
1149 4484 1177 4533 Μ

120 4548 150 4598 21
169 4549 371 4614 άριθμησάμενον
393 4551 524 4614 Galenus,
543 4552 743 4619 άριθμησάμενος
760 4553 829 4603 Plat.
845 4553 924 4605 codd.
939 4553 986 4604 BT
1049 4553 1099 4619 ἐπὶ]
1117 4556 1153 4619 ἐφ’
1168 4554 1239 4605 Plau.

183 4619 214 4670 22
230 4620 289 4686 τοῦ]
303 4624 327 4672 τί
342 4621 374 4684 (2]
439 4622 470 4672 24
487 4624 540 4673 ἀλλ’
556 4624 586 4674 οὐ
602 4621 649 4687 μὴν
664 4624 739 4674 rubr.
761 4629 784 4674 Α
847 4624 878 4674 27
895 4626 969 4686 ἀλλὰ,
989 4626 1005 4676 ἀ
1024 4624 1098 4675 rubr.
1119 4628 1142 4674 Α
1205 4624 1240 4692 τῴ

122 4703 177 4740 om.
194 4690 262 4741 Plat.
276 4691 335 4743 cod.
353 4694 375 4743 B
438 4693 469 4744 29
485 4697 529 4745 τοῦ
544 4693 660 4759 σώματος
674 4722 705 4734 ·-
719 4696 750 4745 30
766 4691 838 4761 φῦσιν
853 4708 907 4746 om.
924 4695 952 4745 M
