3164 5512
409 527 465 580 ΕΙΣ
486 529 547 580 TON
571 528 746 581 ΠΛΑΤΩΝΟΣ
768 530 911 582 ΦΛΙΔΡΟΝ
934 532 1057 583 ΣΧΟΑΙΑ
1254 543 1300 593 205

81 686 146 755 [173]
218 684 275 749 πς’.
299 687 450 762 Χρῶνται
473 685 531 758 μὲν
552 685 646 762 αὐτῇ]
670 685 728 745 256
750 684 786 744 C.

222 816 329 890 Ἐπειδὴ
349 821 551 900 προκόπτοντες
571 820 660 879 οὐκέτι
676 828 711 899 τη]
731 823 879 904 φιλοσοφία
897 829 1018 905 χρῶνται
1038 826 1109 882 οὕτω
1129 824 1243 907 σφόδρα.
1265 859 1303 870 -

181 917 272 994 Πάση
289 916 318 974 δὲ
332 916 461 991 διανοίη
476 917 548 999 λέγει
563 926 599 999 τῷ
615 927 697 1001 νοερῷ
711 930 761 994 τῆς
774 925 874 1002 ψυχῆς.

221 1077 278 1148 πζ’.
302 1079 394 1137 Φίλω
418 1083 475 1156 μὶν
498 1082 555 1139 οὗν
576 1085 630 1140 καί
650 1085 768 1161 τοότω]
792 1086 851 1143 256
872 1084 909 1143 C.

136 1233 152 1281 5
224 1225 294 1305 Πρὸς
314 1227 346 1283 τά
366 1226 450 1307 μέτρα
468 1228 608 1304 ἀπονέμει,
630 1231 668 1293 ῶς
688 1229 720 1286 ἀν
739 1228 870 1302 thom
894 1229 995 1311 ἐσχάτη
1012 1231 1126 1310 ἐρωτικὴ
1142 1231 1218 1313 φιλία
1238 1233 1304 1303 αὕτη

184 1322 252 1380 ἐστίν
268 1328 286 1395 ἡ
302 1321 346 1383 διά
360 1332 415 1382 τῶν
430 1326 574 1401 σωμάτων.
591 1362 629 1371 -
644 1328 679 1384 Τθ
694 1326 722 1385 δὲ
736 1323 797 1394 ἐξω
811 1328 995 1406 γενομίνω·
1011 1331 1131 1387 τουτέστι
1147 1330 1192 1387 καὶ
1209 1329 1307 1405 μηκέτι

186 1419 297 1500 ἐρῶντες
311 1422 388 1503 φίλοι
402 1423 463 1481 εἶσί·
480 1424 510 1481 τὸ
524 1424 574 1505 γάρ
588 1420 641 1492 ἔξω
655 1425 793 1503 γενόμενοι
806 1427 904 1500 μηκίτι
919 1425 1027 1506 ἐρῶντες
1042 1425 1085 1483 διά
1096 1433 1150 1484 τῶν
1161 1426 1305 1501 σωμάτων.

226 1570 286 1644 σπη’.
312 1572 359 1632 Ἐν
381 1573 415 1631 δὲ
435 1581 475 1651 τι]
496 1574 650 1657 τελευτῇ]
673 1575 731 1634 256
753 1575 792 1635 Ι).

229 1713 265 1770 ”H
279 1721 327 1772 τοῦ
342 1717 493 1787 εανάτουῆ
513 1723 560 1774 τοῦ
578 1716 679 1797 ἔρωτος
699 1715 783 1796 λέγει.
802 1753 840 1762 -
858 1719 893 1775 Τὸ
912 1717 941 1776 δὲ
960 1716 1096 1798 ἀπτεροι
1115 1715 1206 1790 ἐπειδὴ
1227 1716 1310 1794 αὐτῷ

125 1826 157 1877 10
189 1819 272 1893 νοερῷ
291 1823 339 1886 τῆς
358 1819 449 1895 ψυχῆς
469 1815 631 1896 ἐχρήσαντο.
644 1850 683 1860 -
702 1816 743 1872 Οὐ
763 1817 900 1896 σμικρὸν
922 1814 951 1873 δὲ
971 1815 1069 1873 ἀθλυν
1089 1817 1312 1896 προφέρονται

189 1914 215 1968 οί
230 1912 261 1968 τό
276 1909 391 1993 ἔσχατον
407 1912 526 1989 ίνδαλμε
541 1920 588 1971 τοῦ
607 1911 707 1994 ἔρωτος
728 1915 937 1997 ἀποφερόμενοι.
956 1950 994 1959 -
1014 1915 1049 1972 Τὸ
1069 1913 1097 1971 δὲ
1116 1915 1160 1979 είς
1179 1914 1309 1970 σκότον·

187 2009 321 2067 τουτέστιν
340 2013 366 2068 οί
384 2010 476 2091 φιλίαν
495 2011 663 2087 κτησάμενοι
681 2011 724 2070 διά
738 2018 794 2070 τῶν
809 2014 942 2086 αίσθητῶν
957 2014 1002 2070 καὶ
1017 2015 1093 2070 οὗτοι
1108 2012 1255 2091 ὑπόπτεροι
1268 2012 1311 2089 yt-

189 2129 279 2165 νοντειι
298 2109 343 2166 καί
363 2109 451 2167 οάκίτι
471 2110 634 2192 ἀπέρχονται
653 2113 691 2175 εἰς
711 2112 748 2169 τά
767 2099 826 2168 ὑπὸ
846 2121 902 2190 γῆς
924 2110 1157 2190 δικειωτηρια,
1176 2109 1267 2188 ῶσπερ
1286 2111 1313 2166 οἰ
1387 2152 1390 2159 ,

190 2206 348 2272 ἀκολάστως
367 2206 492 2287 ἐρῶντες,
509 2207 600 2280 ἐπειδὴ
617 2209 691 2274 όπως
706 2211 771 2267 ποτὲ
786 2210 874 2290 ἀρχὴν
888 2208 981 2290 ἔχουσι
998 2218 1047 2282 τῆς
1064 2209 1196 2286 ἐρωτικῆς
1214 2207 1313 2283 μανίας

84 2319 174 2369 mar·
192 2306 237 2361 καὶ
250 2314 301 2377 τῆς
317 2306 477 2384 ἀναγωγῆς.
498 2307 503 2385 Ι
521 2343 560 2351 -
573 2306 791 2389 Ὀμοπτέρους
806 2306 834 2365 δὲ
849 2309 908 2365 εἶπε
924 2305 967 2366 διά
981 2309 1012 2364 τὸ
1027 2308 1168 2386 ἀνάγεσθαι
1181 2300 1230 2363 τὸν
1243 2305 1314 2386 ἐρώ-

195 2424 277 2477 μενον
291 2404 396 2461 καὶτὸν
411 2403 536 2483 ἐραστήν.
1036 2409 1038 2414 “

233 2559 289 2622 πθ’.
313 2567 421 2619 Ταῡτα
441 2561 598 2643 τοσαῦτα]
620 2565 678 2623 256
700 2563 737 2623 Ε.

233 2710 322 2762 Ταῦτα
335 2702 508 2785 παραθάλλει
520 2706 564 2763 καί
576 2707 722 2779 ἀντιτίθησι
734 2708 780 2763 τὸν
793 2707 896 2786 ἐρῶντα
908 2707 976 2786 πρὸς
988 2707 1034 2764 τὸν
1049 2709 1087 2780 μὴ
1101 2706 1216 2785 ἐρῶντα,
1231 2703 1319 2783 λέγων

196 2803 237 2859 ότι
257 2804 271 2859 ό
293 2803 341 2877 μὲν
362 2803 429 2883 ἐρῶν
448 2805 486 2869 είς
505 2805 555 2874 την
574 2804 703 2883 οὐρανίαν
722 2805 832 2884 πορείαν
853 2805 946 2884 ἀνάγει
965 2803 1074 2875 αὐτοὺς,
1090 2805 1134 2860 καὶ
1149 2801 1261 2875 ἀληθῶς
1279 2803 1318 2867 είς

133 2906 165 2956 20
197 2899 261 2962 αὐτὸ
276 2901 307 2958 τὸ
323 2900 364 2974 θν,
381 2903 395 2957 ό
410 2900 438 2958 δὲ
454 2904 492 2977 με]
509 2902 577 2981 ἐρῶν
591 2908 713 2960 τοιοῦτον
727 2901 812 2977 οὐδὲν1
822 2901 891 2984 ἔχει,
908 2901 981 2959 ἀλλά
1000 2901 1153 2981 ἀνθρώπινα
1168 2901 1256 2959 πάντα
1274 2902 1319 2958 καί

196 3000 305 3070 Βνητά
327 3001 371 3056 καί
395 3002 537 3074 σωματικὰ
560 3003 604 3057 καί
626 3006 682 3057 τῶν
704 3000 816 3072 ἀληθῶν
838 2999 951 3061 είδωλα.
973 3035 1012 3045 -
1032 3000 1105 3057 Ὑπὸ
1125 2998 1154 3057 δέ
1172 3000 1322 3070 πλήθους

197 3097 284 3168 είπεν,
306 3095 397 3167 ἐπειδὴ
414 3099 440 3154 οί
454 3097 556 3155 πολλοὶ
569 3097 633 3162 τοὺς
649 3098 786 3161 τοιοότυυς
803 3098 942 3180 σώφρονας
957 3098 1094 3155 ἐπαινοῦσι
1108 3097 1170 3162 τοὺς
1182 3097 1243 3155 καθ’
1257 3099 1321 3154 ἐσυ-

198 3195 273 3267 τοθς,
290 3196 370 3253 εἶκαὶ
387 3195 470 3271 μηδὲν
484 3198 575 3277 νοερὸν
590 3200 634 3254 καί
649 3197 790 3276 ἀναγωγὸν
805 3194 923 3277 ἔχουσιν.
941 3232 979 3241 -
995 3195 1103 3253 Ἐννέα
1119 3194 1148 3253 δέ
1161 3220 1183 3277 χ
1186 3194 1216 3252 ιλ
1226 3193 1321 3260 ιάδας

199 3293 287 3365 εἶπεν,
307 3292 397 3365 ἐπειδὴ
419 3293 445 3350 ἐν
464 3300 497 3371 τῇ
517 3296 610 3376 πρώτη
625 3296 725 3374 γενέσει
743 3299 761 3366 ἡ
780 3295 909 3375 περίοδος
927 3299 945 3367 ἡ
966 3296 1018 3352 ἀπὸ
1038 3300 1094 3352 τῶν
1107 3300 1215 3366 νοητῶν
1230 3294 1273 3351 ἐπὶ
1288 3294 1321 3349 τά

138 3400 167 3450 25
199 3392 262 3469 τῇδε
277 3390 406 3467 οὐδεμίαν
419 3393 539 3465 κάκωσιν
554 3390 624 3476 ἔχει.

243 3541 271 3620 ίη.
294 3541 379 3614 Δθτη
402 3564 452 3600 σοι
474 3542 496 3599 ὦ
519 3542 597 3623 φίλε
618 3538 731 3623 Ἔρως]
754 3543 811 3601 257
834 3542 871 3601 A.

242 3692 292 3748 Καί
309 3691 462 3773 ἀρχόμενος
481 3692 528 3766 μὲν
544 3696 591 3748 τοῦ
607 3691 690 3769 λόγου
705 3691 757 3747 ἀπὸ
773 3695 847 3748 Βεῶν
862 3688 975 3769 ἤρξατο,
991 3690 1036 3745 καί
1050 3695 1096 3745 νῦν
1112 3687 1141 3745 δὲ
1154 3686 1266 3752 πελειῶν
1280 3686 1326 3743 τὸν

203 3787 287 3868 λόγον
305 3788 416 3871 ε’όχεται
432 3796 468 3867 τῷ
487 3789 595 3870 Ἔρωτι.
615 3790 663 3846 Διά
680 3788 706 3845 τί
722 3786 750 3846 δὲ
768 3794 849 3846 τοῦτο
864 3795 953 3862 ποιεῐ;
971 3787 1013 3844 ότι
1027 3787 1117 3868 ἀρχὴν
1131 3787 1177 3842 καί
1194 3787 1262 3861 μέσα
1281 3784 1326 3841 καί

202 3886 280 3953 τίλας
301 3890 346 3945 καί
364 3889 451 3945 πάντα
469 3889 638 3969 περιέχουσιν
658 3889 684 3944 οί
703 3887 775 3962 θεοί,
796 3889 840 3943 καὶ
859 3885 902 3943 δεῖ
921 3886 963 3943 ἐπὶ
980 3886 1081 3949 παντὸς
1100 3885 1260 3965 πράγματος
1276 3905 1328 3958 με·

142 3999 174 4050 30
204 3986 290 4066 γάλου
310 3988 356 4045 καί
380 3993 475 4068 μικροῦ
497 3987 562 4045 θεὸν
581 3985 677 4043 καλεῖν
699 3986 836 4072 συνεργὸν,
857 3985 938 4049 αότός
958 4006 1034 4067 φησι.
1057 3984 1106 4040 Καὶ
1124 3982 1207 4040 πάλιν
1228 3982 1255 4039 ἐν
1268 3986 1327 4043 τοῖς

237 4203 267 4252 1³
282 4202 318 4252 ct.
333 4201 380 4253 249
394 4205 418 4252 Α
481 4203 511 4253 23
528 4204 598 4254 ἐννέα
613 4199 687 4251 -α25
704 4199 757 4265 ἔχει
772 4214 802 4244 ;.·
817 4195 903 4246 schol.
919 4195 954 4246 ad
967 4195 1014 4246 256
1027 4194 1048 4246 Ε
1063 4196 1098 4259 (μ.
1111 4193 1157 4245 271
1176 4192 1282 4256 Herm.)

206 4273 237 4323 θθ
253 4292 313 4338 φησι
331 4271 401 4322 Tim.
416 4272 446 4323 27
462 4272 542 4333 c(cf.
558 4272 598 4335 48,
613 4272 655 4334 14)

240 4393 287 4444 NG
308 4395 321 4444 l
339 4403 458 4461 χρῶνται,
479 4413 496 4459 χ
514 4392 587 4442 rubr.
606 4396 629 4441 A
693 4391 707 4440 ⁴
725 4394 787 4455 φιλω
805 4388 879 4439 rubr.
895 4391 919 4437 A
937 4390 1056 4451 (φιλῶμεν
1070 4386 1146 4436 Plat.
1166 4387 1186 4434 Β
1205 4399 1254 4448 pro
1268 4388 1343 4449 φιλῶ

210 4467 262 4530 μέν)
326 4464 498 4533 7γενόμινοι]
508 4464 628 4532 ἐρώμενοι
643 4465 671 4513 Μ
737 4460 921 4523 8ίν,ίτυθι·.
936 4463 960 4509 A
1023 4456 1054 4508 10
1068 4460 1183 4524 φίρονται
1199 4457 1269 4507 Plan.
1406 4475 1409 4479 ⁴

208 4538 481 4605 11’ίρωτος]ίρῶντος
502 4535 530 4584 M
595 4535 624 4584 13
646 4536 695 4586 ὑπὸ
715 4535 743 4585 Μ
763 4532 832 4584 plat.
853 4531 915 4597 ιἰπίρ
934 4535 959 4581 A
1022 4529 1052 4579 17
1069 4533 1156 4590 ταῦτα,
1176 4549 1190 4581 τ
1210 4529 1286 4578 nibr.
1308 4530 1333 4576 A

270 4610 301 4660 23
318 4611 344 4662 δὲ
357 4623 412 4661 om.
426 4609 511 4660 schol,
577 4605 687 4673 χιλιάδες
703 4605 770 4656 Plat.
787 4604 847 4655 cod.
864 4603 888 4653 B
951 4601 982 4653 24
998 4603 1043 4653 τοῦ
1057 4603 1148 4664 νοητοῦ
1161 4598 1269 4651 schola
1284 4606 1333 4649 τῶν

210 4691 305 4747 νοητῶν
320 4695 354 4732 σε
368 4685 412 4734 τοῦ
424 4683 515 4745 νοητοῦ
530 4683 554 4730 A
617 4678 649 4730 26
665 4677 728 4741 αὕτη
743 4696 784 4730 σοι
799 4670 820 4727 ὦ
834 4675 907 4726 rubr.
921 4676 945 4726 A
1009 4672 1041 4722 θθ
1056 4672 1207 4739 nummu
1221 4688 1233 4696 ¹·
