3120 5506
343 501 390 552 ιω
721 460 863 557 mor
883 493 1080 544 υιιοιοψοι·

244 652 309 720 [159]
343 646 434 720 ἐπειδὴ
450 648 604 723 ἀσωμάτων
618 648 689 707 ἐστίν
703 652 721 721 ί,
737 651 863 732 ρρώνησις
878 651 923 707 καὶ
937 650 964 707 ἐν
977 650 1114 725 ἀσωμέτῳ
1129 649 1275 721 οὖσίᾳιτῆς
1291 653 1384 730 ψυχῆς
1404 650 1459 728 δρῦ-

340 769 395 806 ται.
406 749 436 804 Τί
451 746 497 804 οῦν
513 751 540 805 οί
555 747 699 830 ριλόσοροι
714 750 745 806 06
759 751 820 828 περὶ
835 749 923 806 ἐκεῖνα
938 748 1043 824 μᾶλλον
1059 748 1215 821 ἐπτόηνται,
1230 747 1305 826 λέγω
1318 746 1350 819 δή
1366 747 1460 828 ρρόνη-

343 867 393 922 σιν,
416 845 588 920 δικαιοσύνην
607 849 653 904 καί
672 849 704 904 τὰ
724 848 821 924 ὅμοια;
846 846 934 905 Ἀλλά
949 846 1067 926 λέγομεν
1081 848 1123 904 δ’τι
1141 853 1186 905 νῦν
1202 848 1232 904 οὐ
1248 848 1308 925 περὶ
1322 852 1375 903 τῶν
1389 846 1460 926 ριλο

342 945 433 1027 σώρων
451 951 505 1002 τῶν
524 944 578 1018 ήδη
598 946 770 1027 ἀναχθέντων
789 947 842 1003 ἀπὸ
859 953 913 1003 τῶν
931 945 1007 1003 εἰδῶν
1022 945 1064 1002 ἐπῖ
1077 947 1109 1002 τά
1124 946 1209 1018 νοητά
1222 945 1304 1024 λέγει,
1321 943 1389 1002 ἀλλά
1402 945 1460 1023 περί

295 1048 310 1096 5
341 1050 390 1101 τοῦ
407 1044 535 1125 ἐρωτικοῦ
549 1051 597 1103 τοῦ
614 1043 656 1103 διὰ
670 1051 718 1103 τοῦ
734 1043 853 1110 κίλλους
871 1043 912 1102 ἐπ’
931 1044 1031 1102 ἐκεῖνα·
1047 1040 1103 1102 ἔστι
1121 1042 1149 1101 δὲ
1166 1045 1197 1101 τδ
1214 1044 1343 1123 ἐρωτικὸν
1361 1040 1459 1104 πλίτος

342 1141 425 1203 πολύ.

385 1302 428 1371 ιζ’,
451 1309 514 1360 Νῦν
536 1300 569 1360 δὲ
589 1303 711 1367 κάλλος
734 1304 847 1381 μόνον]
870 1305 929 1363 250
951 1303 991 1363 Ι).
1071 1257 1074 1268 ί

353 1451 356 1457 ’
383 1444 492 1518 Ἐπειδὴ
508 1446 641 1525 ἀναλογεῖ
656 1445 777 1527 τῷιρωτί
794 1448 836 1524 (τὸ
851 1446 903 1527 γὰρ
917 1447 969 1503 ἀπδ
987 1451 1035 1503 τοῦ
1049 1446 1133 1516 ήλίου
1152 1452 1209 1528 ρῶς
1228 1444 1381 1504 συνδετικόν
1398 1444 1461 1502 ἐστιν

344 1547 467 1624 ὁρατικοῦ
489 1545 533 1600 καί
555 1547 662 1625 ὁρατοῦ·
686 1546 859 1623 συζεῦγνυται
880 1545 931 1624 γάρ
952 1545 1041 1625 δ’ρασις
1061 1547 1160 1624 ὁρατῷ·
1180 1547 1225 1601 καί
1244 1546 1349 1602 τούτων
1364 1545 1462 1623 γίνεται

280 1652 312 1703 1θ
343 1643 373 1700 τὸ
395 1649 451 1723 ρῶς
475 1641 597 1722 δεσμός),
621 1643 667 1699 τὸν
692 1643 772 1700 αὐτὸν
794 1643 894 1722 τρόπον
919 1645 964 1699 καί
986 1644 1017 1700 τὸ
1041 1641 1145 1708 κάλλος
1168 1642 1321 1700 συνδετικόν
1345 1642 1462 1700 ἐστικαὶ

344 1743 470 1798 ἐνωτικὸν
491 1750 540 1813 τῆς
561 1745 653 1822 ψυχῆς
670 1742 737 1822 πρὸς
758 1742 903 1820 ἀναγωγήν
918 1747 970 1798 τῶν
984 1747 1100 1814 νοητῶν.
1117 1742 1229 1822 Ἔσχεν
1248 1740 1294 1799 οὖν
1309 1743 1462 1813 τοιαύτην

346 1846 467 1921 μοῖραν
480 1841 512 1897 τὸ
526 1839 642 1912 καίλλος,
656 1841 686 1897 τὸ
699 1839 839 1920 διεγείρειν
851 1842 983 1915 ήμῦιςκαὶ
997 1848 1081 1898 κινεῖν
1094 1843 1143 1913 τήν
1158 1843 1251 1922 ψυχήν
1267 1841 1310 1899 ἐπί
1326 1842 1359 1898 τὰ
1371 1842 1460 1912 νοητά.

386 1998 433 2071 ιη’.
457 1998 485 2055 ‘0
508 2000 566 2073 μὲν
588 1996 643 2055 οῦν
667 2002 710 2074 μή
732 1997 904 2081 νεοτελής]
927 2002 986 2059 250
1009 1999 1046 2088 Ε.

382 2149 435 2200 Τοῦ
454 2143 635 2219 ἐπιστήμονές
655 2144 713 2201 ἐστι
732 2145 843 2210 καὶτὰς
862 2145 978 2210 πτώσεις
998 2140 1043 2202 καί
1058 2145 1092 2202 τά
1111 2143 1218 2202 ἐναντία
1233 2150 1286 2201 τῶν
1301 2145 1463 2226 πραγμάτων

283 2252 313 2302 15
345 2249 473 2320 θεωρεῖν,
491 2243 529 2306 ὡς
544 2243 589 2300 καὶ
604 2243 696 2323 ἰατροῦ
714 2244 747 2299 τά
762 2244 862 2322 ὑγιεινὰ
876 2245 922 2300 καὶ
937 2242 1057 2315 νοσώδη.
1079 2232 1208 2301 Βοώλεται
1228 2243 1277 2300 οῦν
1294 2243 1339 2301 διὰ
1355 2249 1410 2300 τῶν
1424 2248 1464 2298 νῦν

343 2338 500 2419 λεγομένων
513 2342 562 2406 τὰς
578 2341 747 2406 ἀποπτώσεις
761 2347 809 2398 τοῦ
824 2340 924 2420 ἔρωτος
939 2348 1058 2421 θεωρεῖν
1072 2343 1117 2398 καὶ
1135 2342 1219 2399 εἰπεῖν
1232 2347 1293 2406 πῶς
1311 2342 1464 2422 ὑπορέρεται

345 2441 383 2502 εἰς
398 2438 553 2497 ἀκολασίαν·
571 2442 679 2521 ὕστερον
693 2441 744 2520 γάρ
757 2439 833 2519 λέγει
846 2441 892 2497 καί
906 2442 939 2496 τὰ
952 2439 1163 2520 κατορθώματα,
1177 2440 1219 2496 δἐι
1234 2441 1315 2520 φησὶν
1329 2465 1344 2494 ιι
1359 2444 1378 2511 ή
1393 2440 1462 2519 ψυχὴ

343 2541 361 2609 ή
379 2539 421 2613 μή
440 2538 604 2611 νεοτελής,
621 2543 638 2610 ή
656 2543 693 2615 μή
709 2539 945 2614 πολυθεάμων,
961 2543 979 2610 ή
997 2537 1125 2619 συντυχίᾳ
1139 2540 1184 2594 καὶ
1202 2537 1274 2616 λήθη
1289 2538 1463 2619 χρησαμένη,

323 2685 325 2690 .
345 2639 435 2718 ὁρῶσα
448 2638 479 2695 τὸ
491 2637 590 2703 κάλλος
602 2638 637 2695 οὐ
653 2635 794 2709 σέώεται,
806 2637 880 2696 ἀλλά
890 2637 969 2710 δίκην
983 2635 1188 2716 τετράποδος
1205 2637 1276 2712 ζῴου
1291 2639 1420 2715 βαίνειν
1432 2637 1465 2699 εἰς

282 2744 318 2794 ἰξθ
345 2733 410 2790 αὐτὸ
423 2734 596 2816 ἐπιχειρεῖ.
613 2759 627 2790 ιι
644 2770 683 2780 -
697 2742 738 2814 Τῷ
751 2736 779 2793 δὲ
796 2735 924 2813 βαίνειν
939 2734 1075 2815 ἐχρήσατο
1088 2733 1154 2814 ὅπερ
1170 2732 1278 2809 μᾶλλον
1289 2741 1348 2798 τοῖς
1364 2733 1466 2811 ἀλόγοις

346 2832 426 2906 ζῴοις
444 2835 566 2913 ἁρμόζει.
587 2869 627 2879 -
646 2835 888 2914 Διερθαρμένος
905 2831 934 2889 δὲ
953 2835 967 2889 6
989 2834 1026 2907 μή
1048 2828 1121 2914 ’ἔχων
1141 2834 1337 2908 τήνιμνήμην.
1354 2863 1394 2878 -·
1407 2832 1467 2888 Οιίκ

343 2927 445 2998 ὀξέως
466 2931 597 2989 ἐνθένδε
617 2931 661 3005 δὲ,
679 2934 816 2990 τουτέστιν
832 2933 884 2989 ἀπὸ
903 2938 956 2988 τῶν
972 2933 1107 3004 αἰσθητῶν
1120 2928 1215 2988 καλῶν
1230 2930 1415 3007 ἀναπέμπεται
1428 2930 1467 2988 ἐπὶ

344 3030 374 3086 τὸ
389 3031 487 3103 νοητὸν
500 3029 596 3091 καλόν,
613 3066 652 3075 -
672 3029 765 3096 Καλῶς
784 3029 813 3087 δί
830 3030 1020 3106 ἐπωνυμίαν
1035 3029 1119 3103 εἶπεν,
1136 3028 1230 3100 ἐπειδὴ
1247 3030 1381 3108 βοώλεται
1394 3029 1468 3110 τρεῖ.

345 3151 399 3192 τως
414 3129 447 3186 τά
462 3130 583 3204 ὀνόματα
599 3133 705 3187 κεῖσθαι
720 3136 778 3194 τοῖς
797 3136 914 3202 νοητοῖς,
931 3130 976 3186 καί
989 3127 1053 3193 τοῦς
1069 3127 1167 3208 σοροὺς
1179 3130 1400 3200 κατανοήσαντας
1412 3135 1466 3192 τοῖς

282 3235 313 3285 25
346 3225 445 3284 εἷ’δεσιν
464 3229 536 3284 οὕτω
552 3228 585 3284 z&
604 3228 715 3285 ἐνταῦθα
732 3227 760 3295 ἐξ
774 3227 886 3285 ἐκείνων
901 3227 1076 3302 ἐπονομάσαι.
1094 3226 1123 3283 ‘0
1137 3225 1166 3284 δὲ
1180 3226 1331 3308 ριλόσορος
1347 3225 1467 3307 Ἀριστο-

345 3326 429 3398 τέλης
444 3333 502 3391 τοῖς
515 3327 654 3407 πράγμασι
667 3333 724 3391 τοῖς
738 3328 875 3398 αἰσθητοῖς
890 3325 1007 3405 πρώτως
1026 3326 1157 3403 βούλεται
1170 3328 1277 3384 κεῖσθαι
1289 3328 1323 3382 τά
1338 3327 1465 3401 ὀνόματα.

240 3430 329 3481 1066r·
345 3460 384 3470 ·-
401 3424 647 3500 Θεώμενοςοῦν,
669 3427 745 3505 ρησί,
761 3425 792 3482 τὸ
811 3425 937 3497 αἰσθητὸν
955 3423 1060 3490 κάλλος
1079 3425 1085 3504 Ι
1104 3425 1153 3481 οὐκ
1171 3425 1411 3501 ἀναμιμνήσκεται
1426 3422 1468 3480 ἀπ’

346 3523 427 3580 αῦτοῦ
442 3523 543 3580 ἐκείνου
561 3528 609 3580 τοῦ
628 3522 754 3594 κάλλους,
776 3524 858 3581 ὥστε
883 3523 918 3580 οῦ
941 3519 1074 3581 σέῦεται
1093 3529 1279 3603 προσορῶν·
1300 3521 1405 3603 Ὥσπερ
1421 3524 1468 3601 γὰρ

344 3622 377 3678 τὰ
396 3621 541 3699 ἀγάλματα
560 3626 612 3677 τῶν
629 3627 701 3679 θεῶν
716 3623 730 3679 6
746 3617 858 3694 εῦσεθής
868 3623 922 3678 ,καὶ
937 3622 1051 3702 σώφρων
1065 3622 1134 3702 ἀνήρ
1147 3604 1302 3701 προσκυνεῖ,
1319 3623 1359 3687 ὡς
1377 3621 1468 3696 ὁμοιέ·

284 3726 315 3775 30
345 3720 413 3791 τητά
429 3742 488 3777 τινα
508 3718 606 3802 ἔχοντα
624 3720 692 3800 πρὸς
710 3720 743 3777 τά
762 3728 838 3791 θεῖα,
859 3721 945 3786 οὕτως
959 3722 1006 3776 καὶ
1021 3721 1035 3777 6
1050 3719 1178 3800 ἐρωτικὸς
1196 3721 1227 3776 τὸ
1243 3719 1358 3778 ἐνταῦθα
1372 3718 1469 3782 κίλλος

347 3820 415 3898 ὁρῶν
431 3819 468 3882 ὡς
485 3818 635 3893 ὁμοιότητα
650 3814 715 3900 ἐ’χον
732 3819 798 3898 πρὸς
813 3819 844 3875 τὸ
856 3826 936 3877 θεῖον
951 3818 1068 3892 κάλλος,
1083 3814 1189 3876 σέώεται
1204 3819 1241 3884 ὡς
1255 3816 1381 3897 ἀγαλμα.
1395 3818 1429 3875 Τὸ
1443 3815 1468 3878 δί

345 3914 448 3992 ήδονῇ
465 3915 631 3995 παραδοὺς
652 3916 854 3997 τετράποδος
875 3918 966 3994 νόμῳ
987 3920 1044 3974 οἷον
1065 3914 1096 3973 ἀν
1115 3939 1156 3982 τις
1172 3917 1211 3981 ώς
1227 3916 1405 3998 αἰχμάλωτος
1422 3916 1469 3973 ὑπὸ

378 4107 439 4156 TIT
460 4108 489 4157 2³
507 4106 644 4167 Πλάτωνος
667 4109 709 4159 καί
732 4107 908 4174 Ἀριστοτέλης
927 4105 956 4171 (l.
977 4105 1178 4173 Ἀριστοτέλους)
1198 4106 1323 4173 περὶτῶν
1343 4104 1469 4171 δνομάτων

347 4176 467 4246 διαροράν
483 4177 510 4241 (l.
527 4179 642 4246 διαφοραί)
658 4179 678 4229 C

379 4298 426 4348 ΝΕ
446 4301 459 4349 1
478 4297 634 4361 ἀσώματονθ
697 4293 789 4360 έήδη]
810 4296 864 4358 εἴδη
885 4294 913 4343 M
935 4292 1000 4358 (jam
1023 4298 1180 4349 correxerat
1196 4294 1265 4357 Αετ)
1329 4295 1469 4345 5έπέιιεινα

344 4369 430 4423 libri:
449 4369 580 4434 intellege
597 4364 749 4435 ἀναχθέντος
807 4366 822 4415 7
839 4368 892 4426 νῦν,
908 4384 920 4414 ν
937 4366 1012 4415 rubr.
1028 4368 1051 4414 Α
1116 4363 1146 4413 12
1162 4365 1190 4414 τδ
1206 4364 1232 4414 δὲ
1246 4366 1377 4430 διεγείρειν
1392 4364 1418 4413 Μ
1436 4365 1469 4425 (τὸ

347 4439 376 4504 δὴ
396 4443 523 4508 διεγείρειν
542 4437 609 4503 AsT)
673 4439 702 4487 13
720 4441 733 4488 6
752 4436 866 4495 rubr.A
931 4435 961 4484 16
980 4444 1033 4493 πῶς
1050 4448 1104 4485 om.
1121 4435 1149 4484 M
1219 4433 1331 4498 Ιθήμὴ
1351 4431 1469 4497 νεοτελής]

347 4511 506 4574 ήμινεοτελὴς
528 4510 556 4559 Μ
621 4508 698 4573 22,δέ
715 4521 769 4558 om.
789 4507 816 4556 M
840 4505 910 4556 Plat.
975 4505 1053 4563 23-24
1072 4506 1104 4556 τδι
1123 4509 1235 4569 ὀνόματα
1254 4504 1361 4571 πρώτως
1384 4505 1411 4554 M

347 4583 377 4631 25
399 4582 555 4644 ἐπονομάσαι
577 4580 672 4644 scripsi
693 4593 700 4629 t
724 4577 930 4643 ἐπονομάσαντας
950 4576 1014 4627 libri
1077 4577 1107 4626 27
1129 4576 1259 4641 αἰσθητὸν]
1281 4578 1424 4640 αἰσθητικὸν
1443 4576 1468 4625 M

409 4652 441 4703 28
457 4650 515 4703 ὥστ’
532 4653 603 4703 Plan.
667 4649 697 4700 33
714 4649 794 4718 νόμῳ]
812 4654 890 4715 νόμον
906 4649 974 4699 plat.
988 4661 994 4697 :
1010 4662 1072 4719 om..
1082 4647 1131 4698 DE
