3164 5512
400 448 455 500 ΕΙΣ
476 449 537 499 TON
559 449 735 500 ΙΙΛΑΊὮΝΟΣ
757 449 900 500 ΦΑΙΔΡΟΝ
923 449 1044 500 ΣΧΟᾹΙΛ
1240 459 1286 509 199

71 612 134 680 j170]
167 606 361 682 ἐπιθυμητικοῦ
380 605 427 669 τάς
450 605 487 669 εἰς
502 607 577 679 ἡμᾶς
595 604 740 682 γινομένας
759 603 894 685 έμραίνει,
911 605 1030 662 τουτέστι
1048 606 1094 672 τάς
1109 607 1285 685 καταγωγοθς

113 762 120 775 ,
166 704 303 779 δυνάμεις.

207 855 259 938 η’.
283 859 311 915 ‘0
333 856 366 914 οι
387 857 532 938 ητιηιςι
555 857 614 916 254
638 857 676 915 υ.

207 997 286 1056 Οὔπω
308 998 380 1076 λέγει
399 1003 459 1061 πῶς
478 998 604 1078 κατήχθη
621 999 638 1067 η
654 999 729 1076 ψυχὴ
747 997 792 1053 καὶ
808 998 947 1077 ὑπηνέχθη
965 998 1002 1061 είς
1017 999 1067 1068 την
1083 997 1197 1075 γένεσιν,
1215 998 1287 1055 άλλάι

120 1099 134 1146 5
167 1099 214 1154 τὸν
227 1097 425 1176 κατορθωτικόν
440 1091 526 1171 έρωτα
540 1092 583 1151 διὰ
596 1095 705 1150 πάντων
719 1095 822 1151 τοῦτων
836 1092 983 1173 ἐξηγεῖται.
999 1130 1038 1139 -
1051 1097 1172 1152 Ταυτὸν
1187 1095 1288 1158 πάθος

167 1196 239 1275 λέγει
253 1197 283 1252 τὸ
298 1194 469 1253 άνθελκῦσαι.
486 1228 525 1238 -
541 1191 606 1250 ’Λπὸ
621 1192 788 1273 ὕσπληγγος·
805 1195 857 1251 ἀπὸ
875 1195 987 1269 μύωπος
1003 1195 1152 1273 κρουσθείς·
1173 1195 1241 1258 τινές
1260 1192 1288 1252 όέ

168 1294 307 1372 Ιἀ’σπληγγα
330 1293 444 1370 μάστιγα
467 1291 591 1352 καλοῦσι.
614 1326 653 1338 -
674 1291 858 1349 Ἀναπεσὼν
882 1291 920 1362 δὲ,
945 1294 1079 1350 τουτέστιν
1103 1295 1139 1355 εἷς
1166 1292 1287 1350 τούπίσω

167 1392 255 1450 πεσὼν
274 1392 320 1447 καὶ
341 1390 469 1454 ἐλκῦσας.
487 1424 525 1434 -
544 1388 691 1453 Ὀθόναις
712 1385 825 1447 ἔδωκε·
847 1391 981 1447 τουτέστιν
997 1390 1046 1446 οὐκ
1066 1388 1137 1449 εέασε
1152 1385 1288 1470 πραθῆναι

168 1490 210 1547 ἐπὶ
227 1491 278 1560 τὴν
297 1489 399 1567 γένεσιν
417 1488 461 1547 καὶ
480 1489 510 1544 τό
530 1488 667 1560 αἰσθητόν.
683 1493 769 1546 Ταῦτα
789 1487 816 1546 δέ
834 1489 920 1544 πάντα
939 1494 986 1545 τοῦ
1006 1488 1152 1568 ἐγκρατοῦς
1172 1487 1227 1544 ἐστι
1243 1488 1288 1544 καὶ

105 1590 136 1638 10
167 1589 309 1672 ἐφιεμένου
329 1594 377 1645 τοῦ
400 1594 511 1660 νοητοῦ,
532 1588 562 1643 τό
581 1587 667 1651 πάσας
684 1587 730 1651 τὰς
749 1586 875 1663 δυνάμεις
895 1588 989 1644 ἐαυτοῦ
1009 1588 1047 1651 είς
1067 1587 1159 1646 ἐαυτὸν
1179 1584 1289 1643 έλκόσαι

167 1690 213 1747 καὶ
229 1690 377 1760 ἀποστῆναι
391 1693 445 1743 τῶν
460 1687 604 1759 αἰσθητῶν.

210 1842 259 1914 ξδ’.
284 1843 378 1902 ’Ὁταν
401 1843 434 1901 δέ
454 1845 571 1901 ταῦτὸν
592 1842 773 1925 πολλάκις]
796 1844 854 1903 254
877 1843 913 1903 E.

209 1985 292 2045 ’Ὅταν
308 1986 354 2043 οὗν
368 1994 490 2045 τοιοῦτον
503 1988 587 2051 πάθος
599 1985 732 2053 πολλάκις
744 1989 817 2064 πάθη
833 1988 878 2044 καί
893 1991 1058 2064 ταπεινωθῇ,
1072 1984 1184 2044 ἐπεται
1197 1986 1292 2043 λοιπὸν

168 2087 213 2141 καὶ
227 2085 276 2142 οὐκ
291 2084 431 2143 ἀντιτείνει
445 2090 482 2163 τῷ
497 2084 604 2166 ἡνιόχῳ
619 2089 637 2157 ἡ
653 2083 755 2164 άλογος
770 2093 840 2142 πάσα
853 2088 921 2158 ζωὴ,
933 2087 977 2143 καὶ
992 2086 1063 2142 οῦτω
1077 2087 1179 2163 γίνεται
1194 2087 1212 2155 ἡ
1228 2083 1290 2139 άνα-

106 2188 137 2240 15
169 2185 257 2261 γωγη,
272 2183 359 2239 -Τὸ
374 2181 403 2239 δέ
418 2178 508 2263 ρόθιμ
524 2179 713 2253 διόλλυται,
731 2185 745 2239 6
760 2183 859 2262 χείρων
873 2189 928 2239 τῶν
942 2184 1045 2239 ἵππων·
1067 2183 1123 2240 ἐπεί1
1139 2183 1188 2261 γάρ
1208 2179 1290 2237 πολυ-

170 2280 289 2356 όόναμός
310 2281 377 2338 ἐστιν
395 2284 413 2352 η
433 2284 508 2363 ψυχὴ
524 2281 568 2338 καί
583 2280 753 2360 πολυμερήτ,
773 2280 900 2361 βοόλεται
913 2283 958 2338 καὶ
973 2283 1005 2338 τά
1020 2280 1094 2339 άλλα
1110 2282 1192 2360 μόρια
1207 2279 1290 2350 αὐτῆς

170 2378 294 2460 ἐνεργεῖν·
315 2378 434 2436 ἀνθέλκει
453 2377 500 2435 οῦν
519 2379 566 2442 τάς
586 2377 680 2442 κοίλας
701 2378 834 2458 ἐνεργείας
853 2381 898 2435 καὶ
918 2380 1029 2457 μετάγει
1044 2378 1087 2435 ἐπί
1103 2379 1149 2442 τάς
1163 2377 1291 2453 ἀμείνους

168 2479 213 2534 καὶ
228 2476 270 2534 ἐπὶ
284 2477 315 2532 τὸ
331 2474 397 2547 ἀ’νω,
412 2482 459 2534 τοῦ
474 2477 601 2558 χείρονος
614 2482 670 2533 τῶν
684 2479 775 2533 ἳππων
791 2477 833 2534 ἐπὶ
848 2479 899 2547 τὴν
914 2480 1014 2556 γένεσιν
1028 2477 1204 2557 τρεπομένου.

213 2631 259 2703 ἔτ’.
284 2635 352 2695 “Ate
374 2635 429 2693 οὖν
450 2644 554 2694 πᾶσαν
575 2635 768 2718 θεραπείαν]
791 2639 848 2695 255
871 2637 908 2695 Α.

106 2796 138 2846 20
211 2783 352 2862 Ιίρόκιιται
373 2784 421 2858 μὲν
443 2782 513 2861 αὐτῷ
533 2784 617 2841 εἰπεῖν
637 2789 696 2847 πῶς
716 2783 814 2839 ἐκτῶν
829 2784 963 2855 αἰσθητῶν
980 2784 1024 2840 καί
1042 2791 1093 2854 τῆς
1109 2788 1293 2863 γενεσιουργοῦ

170 2882 276 2963 ρῦσεως
296 2882 421 2960 ἀνάγεται
440 2883 454 2938 ό
472 2882 640 2959 ἀναγόμενος
657 2883 702 2938 καὶ
721 2880 860 2961 άρίσταται
878 2889 927 2953 τῆς
944 2884 1075 2961 γενέσεως
1090 2883 1135 2938 καὶ
1150 2883 1250 2959 γίνεται
1266 2882 1293 2939 έν

170 2981 222 3052 θέα
242 2987 290 3037 τοῦ
310 2986 419 3052 νοητοῦ.
444 2980 531 3036 Εἰπὼν
554 2979 600 3037 οῦν
622 2981 651 3036 τό
672 2986 731 3044 πῶς
755 2979 930 3037 άλίσκεται
953 2981 967 3036 ό
990 2979 1070 3060 ἐρῖον,
1097 2981 1226 3058 βούλεται
1247 2986 1293 3038 νῦν

171 3080 255 3136 εἰπεῖν
274 3078 319 3135 καί.
335 3080 349 3134 6
367 3078 504 3158 ἐρώμενος
520 3085 580 3143 πῶς
600 3077 738 3135 ἁλίσκεται
756 3080 801 3134 καὶ
818 3079 965 3136 ἐντίκτεται
981 3080 995 3135 ό
1010 3079 1138 3159 άντέρως.
1157 3077 1293 3135 Ἐντεῦθεν

171 3176 217 3233 οῦν
238 3178 299 3255 περὶ
320 3184 370 3234 τοῦ
391 3177 541 3255 άντέρωτος
564 3177 647 3254 λέγει,
667 3212 706 3220 —-
723 3178 1013 3256 Θεραπευόμενος,
1034 3178 1170 3234 τουτέστιν
1190 3179 1204 3233 ό
1225 3176 1292 3254 ἐρώ-

107 3286 138 3337 25
173 3298 260 3351 μενος.
284 3311 323 3320 -
346 3276 532 3353 Θεραπείαν
557 3274 584 3331 δὲ
609 3275 684 3353 λέγει
707 3275 738 3332 οῦ
763 3277 863 3347 ταύτην
884 3277 934 3347 την
954 3277 1138 3354 γενεσιουργὸν
1160 3273 1221 3331 οόόέ
1242 3276 1293 3343 τήν

172 3376 329 3452 καταγωγὸν
355 3375 398 3429 καὶ
424 3376 591 3448 σωματικήν·
619 3374 692 3431 άλλά
719 3374 789 3431 οὕτω
815 3375 1085 3454 θεραπευόμενος
1113 3375 1150 3437 ὡς
1181 3372 1293 3450 ἄγαλμα

171 3479 254 3543 θεῶν,
279 3474 324 3528 καὶ
348 3474 386 3537 ὼς
409 3475 423 3528 ὁ
447 3468 617 3544 ’Δλκιόιάθης
639 3474 711 3551 παρά
737 3474 906 3551 Σωκράτους,
933 3473 1003 3529 οῦτω
1025 3479 1092 3551 γοῦν
1116 3471 1293 3551 θεραπευό-

172 3594 270 3647 μενος
287 3572 337 3628 όπό
352 3577 401 3628 τοῦ
416 3570 528 3650 ἐραστοῦ
541 3572 555 3627 ὁ
570 3570 708 3649 ἐρώμενος
724 3573 768 3628 καί
783 3578 877 3650 πεῖραν
893 3568 1017 3635 δεδωκὼς
1032 3578 1079 3626 τοῦ
1096 3570 1217 3648 ἐραστοῦ,
1233 3569 1293 3625 τότε

171 3669 203 3741 θη
219 3670 289 3726 καὶὸ
304 3668 442 3746 ἐρώμενος
458 3669 495 3731 ὡς
510 3668 613 3746 γνησίῳ
628 3667 725 3746 ἐραστῇ
741 3668 835 3724 ἑαυτόν
848 3666 1010 3726 ἐπιδίδωσιν.
1027 3702 1066 3711 -
1081 3667 1109 3722 ‘0
1124 3665 1152 3723 δέ
1166 3673 1218 3729 πᾶς
1233 3671 1294 3729 νοῦς

109 3779 141 3828 30
172 3773 227 3824 τῶν
245 3765 306 3839 ἑξῆς
321 3767 412 3845 ῥητῶν
431 3766 555 3830 τοιοῦτός
570 3765 650 3825 ἐστιν.
670 3764 777 3836 Ἐπειόί,
795 3767 828 3822 τά
844 3773 908 3823 θεῖα
928 3761 1086 3844 όπερόλῦζει
1105 3772 1164 3828 τοῖς
1182 3765 1292 3842 ἀγαθοῖς

172 3867 217 3923 καί.
234 3865 360 3938 πληθύει,
381 3865 483 3943 ἀνάγκη
499 3867 543 3921 καὶ
561 3866 606 3922 τόν
624 3864 711 3945 ἔρωτα
729 3867 759 3920 όν
776 3867 802 3921 οἱ
821 3866 883 3922 3εοῖ
900 3865 1053 3942 ἐνέσπειραν
1069 3871 1128 3927 τοῖς
1144 3863 1294 3942 ἀνθρώποις

174 3960 348 4043 ῦπερόλόζειν
371 3969 406 4040 τη
430 3964 585 4041 άγαθότητι.
611 3963 713 4020 Οὐκοῦν
736 3965 780 4019 καίΙ
802 3966 816 4020 ό
840 3964 1020 4043 κατεχόμενος
1041 3963 1130 4036 τούτῳ
1154 3967 1190 4038 τῷ
1215 3958 1294 4039 ἐρωτι

175 4062 272 4137 μεστός
296 4062 351 4119 ἐστι
369 4067 424 4117 τῶν
444 4059 565 4139 άγαθιῖιν·
586 4060 627 4118 θιό
647 4083 726 4141 ρησιν
745 4061 819 4119 ότιό
840 4061 966 4139 ἐραστὴς,
986 4059 1014 4115 ἐκ
1033 4065 1081 4116 τοῦ
1101 4059 1226 4133 ὄμματος
1246 4061 1294 4113 τοῦ

206 4326 252 4377 NC
269 4326 283 4375 θ
302 4330 315 4377 ό
330 4325 403 4374 rubr.
418 4328 440 4372 A
505 4323 520 4372 6
536 4326 601 4388 λέγει
614 4324 726 4388 scripsi:
742 4326 821 4388 λέγων
832 4322 893 4371 libri
958 4323 1085 4385 ὑσπλήγος
1095 4325 1123 4370 et
1135 4320 1252 4384 ὑσπλήγα
1261 4320 1294 4381 (71

175 4400 206 4449 A¹
226 4414 233 4449 ι
253 4396 381 4461 ὕσπληγος
400 4402 427 4446 et
445 4394 562 4459 ὕσπληγα
582 4395 611 4443 Μ
632 4395 699 4444 Plan.
718 4410 723 4444 z
742 4396 870 4458 ῦσπλῆγος
890 4401 916 4444 et
934 4393 1067 4457 ὕσπληγγα
1087 4390 1108 4440 Ε
1171 4391 1188 4441 8
1204 4392 1294 4441 ἔδωκεν

175 4471 245 4520 Plat.
309 4466 420 4518 9πάντα
433 4469 476 4516 καί
488 4471 532 4517 τοῦ
544 4466 570 4514 Μ
637 4467 667 4516 10
680 4466 771 4532 το]καί
785 4469 821 4513 A*
883 4464 1142 4525 126tav‚6rubr.A
1207 4462 1296 4513 13πά·

174 4544 211 4590 θοι
232 4543 267 4588 Αε
331 4537 360 4587 19
378 4536 429 4595 ἅτε,
450 4535 466 4586 ἅ
485 4536 559 4585 rubr.
579 4539 602 4584 Α
664 4537 695 4586 27
713 4540 795 4587 bom.
812 4536 839 4585 Μ
907 4536 976 4603 παρὰ
991 4548 1025 4586 ex
1038 4540 1150 4585 σοτοοοι.
1166 4534 1199 4581 Α*
1215 4546 1223 4584 ι
1239 4534 1295 4598 περὶ

177 4612 203 4661 Μ
269 4608 339 4676 γοῦν]
354 4606 419 4658 οὖν’.)
484 4608 513 4657 32
531 4609 623 4665 οῦκουν
640 4609 665 4657 Μ
