3150 5504
227 463 268 519 52·
489 479 492 485 ’
608 449 748 506 irmirici·
770 448 966 506 ψῐθΟΣΟψΟἱ·

145 617 195 685 [15]
228 620 282 670 τῶν
298 614 467 692 πραγμάτων
489 612 676 691 εὑρισκόμενα,
693 613 738 668 καί
755 612 804 668 οῦκ
818 610 845 668 ἐν
863 612 957 686 μόναις
974 610 1098 686 μεθὸὁοις
1111 613 1236 686 κείμενα.
1253 609 1350 668 λαὸὼν
1405 604 1407 619 ’

227 712 275 767 οῦν
290 713 339 781 τὴν
357 713 460 791 ψυχὴν,
480 708 576 790 διαιρεῖ
595 710 678 780 αὐτὴν
694 708 758 790 δίχα
774 708 815 772 είς
834 731 863 767 τε
878 711 924 766 τὸν
939 707 1023 788 λόγον
1038 711 1083 766 καί
1098 713 1147 782 τὴν
1163 712 1287 789 ἀλογίαν,
1304 711 1349 767 καί

228 810 352 889 έκίτερον
374 809 426 866 ἀπὸ
446 816 495 866 τοῦ
516 810 669 888 καινοτέρου
693 809 900 888 προσαγορεύει,
926 806 1020 879 ἐπειδὴ
1046 812 1090 866 καί
1113 812 1174 889 περὶ
1194 811 1350 889 καινοτέρου

227 906 329 986 ίρωτος
351 905 469 984 ὁλόγος
488 907 544 963 ἐστὶ
562 913 617 963 νῦν·
638 907 684 962 καὶ
703 908 753 976 τὴν
774 908 823 981 μέν
845 904 946 984 ἀλογον
965 909 1056 986 ψυχὴν
1074 908 1126 963 ἀπὸ
1141 917 1192 980 τῆς
1211 908 1352 981 ἐπιθυμίας

181 1013 195 1061 5
229 1004 368 1079 ὀνομάζει,
385 1007 435 1075 τὴν
451 1002 479 1060 δέ
499 1002 615 1082 λογικὴν
630 1006 721 1082 ψυχὴν
735 1004 787 1060 ἀπὸ
803 1012 851 1075 τῆς
866 1002 946 1074 δόξης
962 1005 1115 1083 παρίστησι·
1133 1006 1163 1060 τὸ
1183 1007 1235 1084 γάρ
1254 1001 1351 1071 δοξασ-

226 1104 300 1160 τικὸν
315 1104 346 1159 τὸ
361 1103 508 1170 πεζύτατόν
523 1102 582 1158 ἐστι
595 1110 645 1173 τῆς
662 1100 788 1179 λογικῆς,
806 1102 833 1158 ἐν
850 1100 878 1158 δέ
893 1108 932 1177 τῷ
948 1102 1135 1176 ἐπιθυμητικῷ
1157 1104 1184 1158 αί
1203 1103 1287 1183 ἀρχαὶ
1305 1104 1352 1158 καί

228 1201 309 1257 αἰτίαι
329 1209 380 1272 τῆς
403 1201 508 1280 φύσεως
527 1199 710 1279 περιέχονται.
736 1201 785 1256 Καὶ
807 1203 857 1270 τὴν
881 1203 929 1274 μὲν
952 1200 1093 1275 ἐπιθυμίαν
1115 1197 1262 1281 έμφυτον
1283 1200 1353 1257 εἶναι

227 1304 298 1375 ἡμῖν
320 1300 490 1379 ἀπεφήνατο,
513 1297 606 1369 ἐπειδὴ
628 1299 705 1361 εύθῦς
726 1298 755 1354 ἐκ
774 1307 888 1376 γενετῆς
910 1300 1013 1357 σύνεστι
1032 1306 1070 1373 τῷ
1092 1301 1154 1374 ζῴῳ
1173 1303 1191 1370 ἡ
1212 1299 1351 1373 ἐπιθυμία,

227 1398 367 1478 προσεχὴς
383 1395 449 1463 ούσα
464 1403 502 1470 τῷ
518 1397 635 1471 σύματι,
650 1396 696 1452 ’ἕνα
715 1397 762 1452 καί
776 1395 906 1476 τρέφηται
921 1397 966 1452 καί
985 1395 1098 1468 αὔξηται
1117 1399 1146 1453 τό
1169 1398 1278 1476 βρέφος·
1301 1398 1353 1466 τήν

168 1503 198 1552 10
230 1492 258 1550 δέ
273 1492 363 1563 δόξαν,
379 1496 500 1551 τουτέστι
514 1495 563 1563 την
580 1492 695 1572 λογικὴν
707 1497 807 1574 ψυχὴν,
826 1493 1009 1566 ἐπίκτητον
1026 1496 1096 1551 εἶναι
1108 1491 1201 1575 ἔφατο,
1218 1494 1354 1551 τουτέστιν

229 1588 326 1658 ἔξωθεν
345 1591 523 1671 εἰσκρίνεσθαι
539 1591 650 1669 (ταύτην
663 1594 713 1670 γάρ
726 1593 771 1648 καί
787 1590 977 1671 Ἀριστοτέλης
989 1589 1072 1672 έφατο
1088 1593 1157 1650 εἶναι
1171 1595 1218 1649 τὸν
1231 1590 1353 1672 θύραθεν

143 1712 170 1762 p.
182 1697 214 1747 86
229 1690 316 1769 νοῦν],
330 1691 375 1746 καί
394 1691 399 1769 Ι
418 1690 459 1746 ὁτι
470 1691 736 1765 τελειωθεῖσινὴμῖν
752 1689 827 1756 δόξαι
843 1693 919 1770 ὀρθαὶ
932 1692 978 1747 καί
992 1691 1140 1766 ἐπιστῆμαι
1150 1692 1351 1771 προσγίνονται.

230 1787 331 1864 Ἠμάς
351 1787 379 1845 δέ
397 1789 549 1868 κοινότερον
569 1787 646 1867 λέγει
662 1789 693 1845 τὸ
712 1792 782 1864 ζῷον
799 1790 844 1847 καὶ
865 1789 929 1846 ὁλον
947 1797 1042 1846 τοῦτον
1062 1791 1108 1845 τὸν
1126 1789 1289 1869 φαινόμενον
1307 1786 1353 1845 ἀν-

228 1890 337 1966 θρωπον
353 1888 486 1961 μετάτῆς
507 1890 588 1958 ζωῆς·
610 1886 653 1944 ἐπί
674 1889 704 1944 τὸ
725 1886 830 1966 ἀριστον
854 1886 881 1944 δέ
902 1889 947 1944 καί
968 1895 1025 1944 τοῦ
1048 1888 1185 1967 ἀρίστου
1205 1887 1355 1967 ἐφίεσθαι

166 1990 196 2041 15
227 1989 302 2060 ἡμᾶς
319 1984 406 2064 λέγει,
423 1987 482 2042 ἀντὶ
502 1994 562 2043 τοῦ·
584 1994 633 2043 τοῦ
653 1987 768 2065 ἀγαθοῦ·
785 1987 870 2043 πάντα
884 1988 936 2066 γάρ
951 1995 999 2044 τοῦ
1015 1987 1118 2064 ἀγαθοῦ
1135 1987 1249 2067 ἐφίεται,
1266 1994 1356 2043 Ταῦτα
1433 1981 1435 1985 ’

227 2083 260 2154 δὴ
283 2082 330 2140 οῦν
352 2086 384 2141 τὰ
405 2082 452 2140 δύο
476 2084 557 2163 μύρια
579 2094 629 2157 τῆς
654 2089 754 2166 ψυχῆς,
780 2085 795 2141 ὁ
817 2108 846 2142 τε
874 2083 956 2163 λόγος
980 2088 1025 2142 καί
1048 2089 1066 2156 ι]
1091 2086 1201 2163 ἀλογία,
1228 2081 1284 2142 ἐστι
1306 2086 1355 2159 μέν

227 2183 272 2239 ὁτε
295 2184 421 2257 ὁμονοεῖ,
444 2179 511 2239 ἐστι
534 2181 641 2240 δέ’ὁτε
666 2183 797 2251 στασιάζει
820 2183 887 2263 πρὸς
912 2182 1036 2256 ἀλληλα·
1061 2185 1173 2241 καὶτοῦ
1198 2186 1247 2257 μὲν
1270 2182 1355 2261 λόγου

228 2280 360 2362 ἀρχοντος
390 2282 581 2361 σωφροσύνη
604 2287 638 2358 εγ]
667 2286 723 2358 ζωῇ
747 2282 778 2338 τὸ
805 2280 918 2356 ὄνομα·
946 2291 1006 2354 τῆς
1029 2281 1056 2339 δέ
1079 2281 1189 2360 ἀλογίας
1212 2282 1353 2363 ἀρχούσης

226 2380 270 2435 καί
290 2380 422 2454 ἑπομένου
446 2382 490 2435 καὶ
512 2380 602 2458 ὥσπερ
627 2378 884 2458 ἀνδραποδισθέντος
909 2387 958 2437 τοῦ
983 2379 1080 2459 λόγου,
1106 2381 1238 2438 ἀκολασία
1264 2380 1352 2454 ταύτῃ

120 2482 211 2532 1·32ι·
228 2482 263 2552 τῇ
287 2480 344 2553 ζωῇ
368 2478 399 2534 τό
422 2475 518 2552 ὁνομα·
546 2479 551 2557 ]
577 2477 622 2534 ἐάν
646 2475 674 2534 δὲ
695 2478 826 2554 στασιάζη
848 2481 893 2534 καί
920 2479 1042 2558 μα’χηται
1065 2480 1133 2558 πρὸς
1156 2477 1279 2551 ἄλληλα,
1305 2485 1355 2534 τοῦ

229 2576 278 2648 μέν
303 2575 388 2654 λόγου
417 2577 486 2649 μετά
512 2578 562 2647 τὴν
588 2576 682 2656 μάχην
710 2579 906 2655 κρατήσαντος,
931 2576 1074 2656 ἐγκράτεια
1099 2577 1239 2634 καλεῖται·
1268 2575 1355 2633 παλὶν

228 2770 275 2827 ούν
301 2772 404 2828 τούτων
434 2772 522 2830 ούσῶν
551 2773 578 2829 ἐν
611 2777 683 2848 ἡμῖν
721 2776 809 2846 ζωῶν,
835 2781 883 2830 τοῦ
910 2775 958 2848 μέν
990 2771 1075 2850 λόγου
1103 2780 1277 2852 κρατοῦντος,
1310 2777 1356 2846 τῷ

227 2869 342 2947 κράτει
360 2870 449 2945 τούτῳ
469 2871 619 2947 καὶταύτῃ
641 2875 676 2946 τῇ
697 2871 769 2950 ἀρχῇ
793 2871 1009 2950 σωφροσύνην
1029 2868 1151 2945 τούνομα
1170 2867 1258 2946 ἔθετο,
1280 2891 1356 2949 περι-

165 2970 195 3019 25
229 2963 322 3022 λαθὼν
344 2969 395 3037 τήν
418 2967 575 3047 ἐγκράτειαν
597 2973 631 3044 τῇ
654 2969 825 3048 σωφροσύνη·
851 2969 903 3025 ἀπὸ
926 2970 977 3049 γὰρ
1001 2977 1049 3025 τοῦ
1071 2969 1220 3048 κρείττονος
1243 2968 1357 3024 καὶτοῦ

229 3066 412 3138 ὁμονοοῦντος
422 3061 498 3123 ἐθετο
509 3066 595 3142 ταύτῃ
606 3071 641 3141 τῇ
654 3068 728 3148 ἀρχῇ
739 3068 770 3123 τὸ
786 3066 884 3142 ὄνομα·
897 3068 979 3126 πάλιν
993 3065 1016 3123 δ’
1029 3067 1062 3123 αῦ
1076 3076 1125 3138 τῆς
1138 3065 1252 3144 ἀλογίας
1263 3087 1356 3145 τυραν-

228 3164 361 3234 νευσάαης
383 3164 429 3220 καὶ
451 3163 495 3220 έπί1
519 3162 664 3243 διαφόρους
690 3163 814 3235 ἡδονὰς
837 3164 1001 3237 ἑλκούσης
1025 3168 1072 3222 τὸν
1095 3164 1191 3243 λόγον,
1212 3165 1299 3240 ταύτῃ
1322 3169 1355 3239 τῇ

193 3272 198 3281 ’
229 3261 302 3342 ἀργῇ
317 3264 362 3317 καί
379 3265 435 3338 ζωῇ
450 3263 539 3320 κοινὸν
553 3260 640 3337 ὁνομα
654 3266 705 3333 τὴν
727 3260 822 3342 ύόριν
840 3263 928 3321 ἔθετο·
946 3261 1037 3330 δείξας
1052 3263 1100 3320 οῦν
1117 3263 1200 3321 πάλιν
1216 3263 1259 3319 ὁτι
1275 3270 1357 3319 τοῦτο

229 3360 260 3415 τὸ
276 3357 364 3435 ὄνομα
379 3363 408 3437 [ι]
423 3358 512 3441 ὁὸρις]
528 3361 706 3440 γενικῶτερόν
720 3361 776 3418 ἐστι
795 3364 839 3419 καί
855 3365 923 3419 κατά
937 3363 1083 3420 πλειόνων.
1090 3368 1285 3442 κατηγορεῖται
1300 3361 1358 3418 ἐπι-

166 3461 198 3510 30
229 3460 345 3531 θυμιῶν,
370 3459 457 3523 οὕτως
478 3461 537 3515 τινὰ
561 3459 704 3533 ἐπιθυμίαν
725 3461 770 3516 καὶ
792 3463 852 3540 περὶ
872 3460 935 3518 τάδε
955 3460 1073 3539 ὁρίζεται
1096 3461 1165 3518 εἶναι
1188 3461 1234 3516 τὸν
1257 3457 1356 3539 ἔρωτα,

231 3581 243 3608 ιι
267 3557 344 3633 Περὶ
366 3557 423 3630 μἐν
446 3559 506 3635 γάρ
526 3555 660 3626 ἐδωδὰς,
683 3560 760 3639 φησί,
781 3562 975 3637 κρατήσασα
995 3567 1053 3616 τοῦ
1074 3559 1177 3637 λόγου
1195 3562 1212 3629 ί,
1229 3557 1358 3632 ἐπιθυμίαι

229 3655 274 3710 καὶ
289 3660 382 3710 πασῶν
394 3661 457 3711 τῶν
472 3653 586 3712 ἀλλων
599 3654 725 3736 ἀδελφῶν
741 3656 927 3731 ἐπιθυμιῶν
947 3659 1156 3737 περιγενομένῃ,
1174 3659 1233 3714 οἷον
1251 3662 1356 3728 ποτῶν,

262 3897 291 3946 11
310 3895 350 3944 Dc
363 3893 453 3944 αιιὶιιι.
465 3907 559 3957 ρεπεν.
576 3893 600 3943 11
614 3894 637 3954 θ,
653 3893 699 3943 736
714 3909 731 3944 a
746 3895 790 3955 283
805 3897 830 3957 θ,
845 3896 891 3946 744
904 3893 964 3946 1222

263 4033 324 4083 TIT
346 4032 361 4081 7
380 4033 422 4082 διὰ
440 4035 462 4081 τί
481 4034 496 4093 ἠ
517 4034 634 4096 ἐπιθυμία
657 4033 771 4096 ἔμφυτος,
795 4036 810 4095 r.
835 4034 861 4084 δὲ
886 4036 947 4093 δόξα
966 4038 1094 4098 ἐπίκτητος
1118 4035 1139 4084 Β
1202 4035 1233 4086 11
1262 4039 1277 4098 ἡ
1298 4038 1364 4093 δόξα-

232 4109 247 4167 i,
263 4104 323 4169 (εἰσ)
339 4100 441 4170 θύραθεν
455 4106 513 4160 νοῦς
528 4104 596 4169 παρά
615 4104 783 4171 Ἀριστοτέλει
798 4107 840 4155 καὶ
856 4106 896 4155 διὰ
912 4109 935 4155 τί
949 4106 983 4155 3²

265 4246 311 4296 Nc
330 4247 340 4294 l
357 4249 443 4309 μόναις
459 4247 480 4294 Α
497 4257 530 4294 ex
547 4244 656 4294 emend.
721 4245 737 4293 8
754 4244 911 4308 ἀπεφήναντο
928 4245 957 4294 M
972 4244 1037 4307 (jam
1053 4252 1211 4296 correxerat
1226 4248 1293 4307 Αεί]

233 4319 261 4368 11
278 4323 291 4369 ὁ
310 4320 484 4383 Ἀριστοτέλης
501 4318 527 4366 M
593 4317 622 4364 13
638 4319 725 4366 τοῦτον
742 4316 768 4365 M
783 4332 790 4367 ι
805 4320 878 4367 τοῦτο
894 4321 917 4366 Α
982 4319 1012 4367 15
1026 4322 1070 4368 τοῦ
1083 4322 1126 4369 τοῦ
1143 4317 1249 4383 ἀγαθοῦ]
1261 4314 1359 4375 τούτοις

234 4393 335 4454 ἀγαθοῖς
351 4389 378 4437 Μ
395 4387 460 4449 (Jam
476 4398 632 4437 correxerat
647 4390 712 4448 Αεί]
776 4391 853 4438 ταῦτα
868 4389 982 4450 scripsi:
998 4385 1075 4452 ταύτῃ
1090 4389 1152 4438 libri
1217 4389 1290 4438 16-17
1305 4389 1357 4438 ἰ’στι

235 4459 428 4524 μένὸτεμένΑ
492 4458 523 4507 23
537 4455 640 4522 τούτων]
655 4458 774 4507 όντωνΜ
841 4462 939 4521 ἐνήμῖν
956 4449 1081 4510 ούσιῐννΜ
1147 4459 1177 4509 21
1191 4461 1219 4511 τὸ
1233 4459 1356 4523 ὁνομαΜ

295 4531 326 4580 26
349 4531 377 4580 τὸ
402 4530 482 4593 ὄνομα
506 4557 538 4564 -
561 4528 592 4577 28
614 4530 680 4601 ἀρχῇ
705 4541 759 4579 om.
788 4529 809 4578 E
872 4529 903 4578 29
927 4533 942 4591 ή
966 4530 1034 4596 ύὸρις
1058 4531 1159 4581 seclusi
1222 4533 1300 4580 πλείω
1323 4541 1359 4579 ex

234 4604 354 4653 πλειόνων
371 4605 394 4652 Α
458 4599 487 4653 31
510 4594 616 4663 έθωδάς]
639 4598 734 4663 ἐδωδὴν
756 4600 828 4650 Piar.
893 4601 1053 4668 κρατήσασα]
1074 4606 1203 4669 κρατοῦσα
1221 4601 1293 4651 Plat.
