3150 5504
365 519 420 568 ΕΙΣ
441 517 503 568 TON
525 515 702 568 ΠΛΑΤΩΝΟΣ
724 517 866 568 ΦΑῙΔΡΟΝ
889 518 1013 568 ΣΧΟΛΙΔ
1208 529 1252 580 101

27 683 96 754 [113]
126 677 172 733 καί
186 675 253 750 είσιν
266 675 293 730 οί
307 673 355 748 μἐν
369 670 517 749 ἀνάγοντες
532 672 577 726 καί
591 670 761 749 πληροῦντες
777 673 803 728 οί
817 673 878 732 θεοὶ
891 673 936 727 καί
949 679 1031 728 πᾶσαι
1042 675 1070 728 αί
1083 680 1157 730 θεῖαι
1169 673 1254 753 ψυχαὶ

130 771 210 850 [πολὺ
224 771 253 828 δὲ
266 770 398 850 πρότερον
413 769 458 825 καί
474 768 551 825 αὐτοὶ
566 770 592 824 οῖ
607 769 669 825 θεοὶ
688 769 733 824 καὶ
752 775 834 825 πᾶσαι
850 771 879 826 αῖ
898 775 973 827 θεῖαι
991 771 1088 850 ψυχαὶ]
1109 768 1253 849 ἀγγελικαί

128 894 158 928 τε
177 872 222 927 καί
240 869 377 944 δαιμόνιαι
395 868 441 923 καί
461 868 579 946 ἡρωϊκαὶ
598 865 736 946 ἀράμεναι
755 871 803 922 τοῦ
822 867 902 924 θείου
921 867 1042 934 κάλλους
1062 871 1107 925 καὶ
1124 869 1255 942 ἑπόμεναι

128 976 186 1034 τοῖς
206 968 340 1046 ἡγεμόσιν
358 966 458 1037 αὐτῶν,
479 966 525 1021 καὶ
545 965 582 1028 ὥς
601 986 666 1045 φησι
684 965 786 1043 πρώτῳ
805 971 845 1040 τῖμ
864 966 979 1044 ἡγεμόνι
998 968 1049 1039 Διί,
1068 969 1096 1023 αί
1111 965 1140 1023 δὲ
1158 966 1255 1045 ἀναγό-

80 1091 96 1139 5
130 1089 208 1142 μεναι
224 1068 262 1130 ὡς
278 1065 304 1122 ἐν
318 1065 441 1146 ἐσχάτοις
457 1066 483 1119 αῖ
500 1063 663 1143 ἀνθρώπειαι
678 1065 774 1144 ψυχαί,
788 1062 831 1120 διά
845 1063 876 1135 δὴ
893 1069 974 1120 τοῦτο
988 1066 1048 1144 περὶ
1065 1066 1146 1128 θείας
1162 1069 1254 1145 ψυχῆς

128 1167 172 1221 καὶ
193 1164 363 1243 ἀνθρωπίνης
384 1162 537 1240 τὸνλόγον
560 1164 714 1232 ποιήσεται,
739 1158 869 1232 δηλονότι
890 1169 941 1233 τῆς
966 1162 1088 1240 λογικῆς.
1110 1161 1180 1234 ’Ἤδη
1203 1162 1255 1243 γάρ

129 1264 249 1321 ἐντεῦθεν
269 1265 326 1319 οἷον
344 1263 396 1342 πρὸ
416 1257 581 1328 ἀποδείξεως
602 1257 765 1316 ἐνδείκνυται
783 1259 823 1315 ότι
843 1260 971 1325 ἀθάνατος
986 1264 1068 1336 ἡμῶν
1082 1265 1100 1332 ἡ
1116 1263 1190 1341 ψυχὴ
1207 1263 1254 1319 ἅτε

129 1362 329 1435 συνταττομένη
344 1366 403 1422 ταῖς
415 1359 507 1423 θείαις
523 1362 623 1438 ψυχαῖς
636 1358 682 1415 καί
698 1355 799 1438 ἔχουσα
813 1360 881 1438 πρὸς
897 1359 979 1423 αάτάς
994 1360 1149 1420 κοινωνίαν,
1167 1361 1254 1415 -Τὸ

69 1525 71 1531 y
130 1458 158 1515 δὲ
172 1459 258 1530 πάθη
274 1459 376 1515 τεκαὶ
390 1455 484 1536 ἐ’ργα,
500 1456 586 1528 πάθη
600 1453 779 1533 μὲνάνλέγοι
794 1458 917 1535 περὶτῆς
931 1458 1064 1535 ἡμετέρας
1078 1461 1182 1538 ψυχῆς·
1199 1457 1256 1536 ἐρεῖ

65 1577 97 1627 10
128 1558 178 1636 γάρ
195 1562 255 1621 πως
277 1557 326 1630 μἐν
345 1556 480 1633 ἀνάγεται,
504 1560 562 1619 πῶς
581 1553 609 1610 δὲ
626 1561 786 1634 πτερορρυεῖ
805 1552 888 1611 πάλιν
906 1556 951 1611 καί
969 1555 1062 1613 πίπτει
1083 1556 1121 1620 είς
1141 1558 1252 1635 γένεσιν·

128 1654 205 1735 ἐ’ργα
220 1655 248 1712 δὲ
263 1655 305 1711 ἐπὶ
320 1661 373 1711 τιῖιν
387 1655 475 1712 θείων
487 1659 594 1734 ψυχῶν.
612 1687 651 1698 -
665 1655 700 1709 Τὸ
714 1650 743 1710 δὲ
758 1651 901 1725 τάληθὲς
922 1662 1041 1726 νοῆσαι
1060 1655 1117 1711 ἀντὶ
1130 1661 1188 1712 τοῦ·
1204 1659 1255 1727 τήν

129 1755 270 1811 ἀθανασίαν
287 1754 371 1824 αὐτῆς
390 1750 465 1809 ίδεῖν·
483 1757 564 1808 τοῦτο
584 1752 636 1831 γάρ
656 1751 732 1807 οάσία
750 1751 795 1806 καὶ
811 1752 888 1832 ρόσις
902 1751 985 1824 αὐτῆς
1002 1752 1057 1809 ἐστι
1071 1736 1116 1809 καὶ
1130 1752 1253 1824 ἀλήθεια.

129 1887 168 1896 -
184 1851 350 1930 ’ἀναγκαίως
371 1849 399 1907 δὲ
417 1851 503 1921 ἦλθεν
522 1850 562 1914 είς
582 1849 613 1906 τὸ
632 1851 682 1920 τὴν
702 1849 848 1906 ἀθανασίαν
868 1857 917 1921 τῆς
933 1853 1025 1930 ψυχῆς
1044 1852 1253 1924 κατασκευάσαι,

130 1954 188 2009 οἷον
208 1951 277 2007 κατά
301 1948 424 2007 ἀνάλυσιν
447 1949 488 2004 ἐπὶ
510 1954 590 2005 τοῦτο
613 1946 711 2019 ἐλθὼν,
736 1949 774 2011 ὡς
798 1947 877 2013 αὐτὸς
903 1949 1013 2027 ὕστερον
1038 1949 1106 2028 ἐρεῖ.
1130 1949 1205 2006 ’Ἐστι
1228 1949 1281 2008 δὲ’

84 2071 94 2083 ·
130 2047 219 2105 τοιάδε
240 2070 280 2112 τις
300 2051 317 2118 ἡ
340 2048 479 2110 ἀνάλυσις.
498 2046 525 2102 ‘0
544 2043 611 2124 ἔρως
631 2051 686 2102 τῶν
708 2045 845 2124 μεγίστων
866 2046 936 2103 ἐστίν
955 2047 1065 2125 ἀγαθῶν
1087 2046 1183 2112 αίτιος·
1206 2049 1254 2124 μὲ-

130 2169 222 2226 γιστον
247 2144 275 2202 δὲ
301 2151 356 2202 τῶν
380 2146 488 2224 ἀγαθῶν
512 2148 529 2216 ἡ
556 2142 724 2218 εὐδαιμονία·
750 2142 909 2219 εὐδαιμονία
932 2143 961 2202 δὲ
984 2147 1147 2220 όμοίωσις
1175 2153 1253 2221 θεῷ·
1298 2190 1302 2228 5

130 2245 301 2321 ὁμοιούμεθα
320 2243 348 2300 δὲ
366 2249 426 2317 θεῷ
447 2248 501 2299 τῶν
520 2243 610 2298 αὐτῶν
631 2242 827 2322 ἐφαπτόμενοι·
849 2247 902 2299 τῶν
922 2242 1010 2301 αὐτῶν
1031 2242 1060 2300 δὲ
1080 2242 1256 2324 ἐραττόμεθα

128 2345 160 2404 τὸ
179 2344 277 2414 νοητὸν
297 2340 400 2406 κάλλος
418 2342 596 2415 θεασάμενοι·
618 2343 725 2419 δρῶμεν
746 2338 774 2396 δὲ
793 2340 858 2397 αὐτὸ
878 2340 1092 2415 ἀναμνησθέντες
1113 2342 1194 2398 αὐτοῦ
1213 2342 1255 2400 ἐν·

129 2445 213 2497 ταῦθα
234 2438 324 2503 ’όντεςί
346 2439 581 2515 ἀναμιμνῄσκεται
598 2437 626 2495 δὲ
643 2438 658 2494 ό
673 2459 738 2496 ποτε
753 2439 935 2514 θεασάμενος·
954 2438 1120 2515 ἐθεασάμεθα
1141 2438 1169 2498 δέ
1188 2463 1255 2499 ποτε

66 2559 98 2610 20
130 2539 154 2596 εί
169 2538 301 2601 ἀθάνατος
323 2535 366 2608 ε’ίη
381 2540 494 2611 ἡμῶνὴ
511 2539 599 2617 ψυχή·
621 2537 691 2592 ὥστε
712 2534 752 2593 δεῖ
771 2544 852 2593 τοῦτο
872 2536 937 2593 αὐτὸ
955 2539 1170 2617 προηγουμένως
1188 2538 1255 2594 ἀπο-

131 2632 217 2703 δεῖξαι
236 2636 278 2692 ότι
298 2635 428 2698 ἀθάνατος
447 2639 465 2706 ἡ
483 2637 571 2715 ψυχή·
589 2634 633 2690 ἑάν
648 2636 698 2714 γάρ
714 2636 752 2709 μὴ
769 2634 787 2711 ᾖ
802 2634 945 2704 ἀθάνατος,
962 2635 1083 2714 περιττοὶ
1097 2637 1196 2701 πάντες
1210 2637 1255 2693 καὶ

131 2736 242 2810 μάταιοι
257 2737 283 2789 οί
299 2728 359 2806 ἑξῆς
376 2733 463 2812 λόγοι.
486 2738 542 2789 Ποῦ
559 2733 610 2812 γάρ
627 2734 672 2788 καί
692 2732 876 2812 ἀναχθήσεται
890 2734 980 2804 θνητὴ
999 2731 1080 2806 afim
1097 2735 1126 2790 Εἰ
1141 2732 1170 2791 δέ
1185 2734 1255 2798 ἐστιν

129 2833 268 2904 ἀθάνατος,
285 2831 414 2888 ἐθεάσατό
433 2853 510 2902 ποτε,
532 2832 663 2888 ὥστεκαὶ
681 2831 916 2907 ἀναμιμνῄσκεται
934 2837 981 2888 τοῦ
1001 2837 1102 2903 νοητοῦ
1122 2830 1253 2897 κάλλους·

129 2931 198 2988 ὥστε
213 2936 265 2987 τῶν
279 2930 365 2986 αὐτῶν
380 2929 525 3010 ὲράπτεται
539 2936 597 2992 τοῖς
613 2935 702 2993 θεοῖς·
719 2929 863 3003 ὁμοιοῦται
877 2927 928 3007 ἀρα
947 2930 1062 2994 τούτοις·
1079 2930 1148 2986 ὥστε
1168 2929 1259 3011 εὐδαιγ

65 3051 96 3101 25
131 3037 209 3106 μονεῖ
227 3031 272 3085 καὶ
292 3028 429 3107 μεγίστων
448 3029 555 3106 ἀγαθῶν
574 3027 714 3108 τυγχάνει.
735 3032 822 3106 Ταυτα
841 3025 874 3096 δὴ
896 3027 965 3103 αὐτῇ
985 3029 1000 3083 ό
1020 3035 1100 3092 θεῖος
1124 3030 1169 3086 καὶ
1191 3030 1255 3086 ἀνα-

129 3127 222 3206 γωγός
235 3124 303 3205 ἔρως
316 3130 459 3205 περιποιεῖ·
478 3122 519 3180 διὸ
535 3130 574 3199 τῷ
588 3124 657 3180 κατά
671 3121 800 3180 ἀνάλυσιν
815 3124 907 3203 τρόπῳ
922 3146 981 3189 πως
996 3125 1143 3205 χρώμενος
1157 3125 1252 3206 ἧλθενΙ

21 3248 114 3299 1045v·
128 3226 171 3283 ἐπὶ
191 3227 223 3282 τὸ
243 3227 293 3296 τήν
315 3225 459 3282 ἀθανασίαν
480 3233 530 3296 τῆς
552 3228 644 3304 ψυχῆς
664 3229 770 3302 πρῶτον
790 3224 996 3296 κατασκευάσαι,
1017 3229 1097 3281 τοῦτο
1117 3223 1147 3282 δὲ
1166 3219 1255 3292 δείξας

129 3325 262 3396 συντίθησι
285 3323 373 3380 πάντα
393 3326 426 3380 τά
448 3322 555 3404 ἐφεξῆς.
578 3358 617 3366 -
642 3322 853 3401 Συντομώτερον
878 3320 902 3378 δ’
927 3322 959 3379 ἂν
981 3323 1069 3387 οὕτως
1094 3322 1253 3391 ἀναλύσεις·

128 3425 266 3504 πρόκειται
280 3429 319 3497 τῷ
335 3423 416 3497 ἐνθέῳ
432 3423 532 3501 ἐραστῇ
548 3422 590 3479 ἐπί
604 3422 635 3478 τὸ
650 3422 749 3493 νοητὸν
763 3420 870 3484 κάλλος
885 3421 931 3477 καί
947 3419 1033 3486 ὅντως
1050 3421 1079 3478 δν
1099 3421 1256 3500 ἀναπέμψαι

22 3560 48 3608 p,
65 3544 111 3594 114
129 3524 175 3580 τὸν
191 3523 340 3602 ἐρώμενον·
359 3527 439 3578 τοῦτο
457 3519 480 3578 δ’
495 3520 527 3576 ἀν
546 3522 694 3593 ποιήσειεν,
714 3519 720 3598 Ι
740 3520 762 3575 εί
783 3519 964 3593 ἀναμνήσειεν
984 3519 1065 3576 αὐτὸν
1085 3519 1185 3577 ἐκείνου
1203 3522 1255 3579 ἀπὸ

129 3628 183 3678 τῶν
196 3620 264 3698 τῇδε
276 3620 377 3678 καλῶν·
393 3621 595 3697 ἀναμιμνήσκει
610 3617 638 3675 δὲ
653 3619 676 3675 εί
690 3617 822 3673 ἀθάνατον
837 3617 918 3674 αὐτοῦ
933 3611 1011 3683 δείξει
1026 3621 1076 3689 τὴν
1091 3621 1192 3699 ψυχήν·
1209 3623 1255 3676 καὶ

128 3721 178 3800 γάρ
197 3719 432 3794 ἀναμιμνῄσκεται
447 3718 462 3773 θ’
476 3739 542 3774 ποτε
557 3717 739 3791 θεασάμενος·
757 3716 836 3793 όγάρ
853 3713 991 3790 μηδέποτε
1008 3716 1177 3792 θεασάμενος
1193 3716 1255 3775 οὐδὲ

130 3817 375 3893 ἀναμιμνῄσκεται·
392 3818 462 3873 ὥστε
476 3816 627 3894 ἀναγκαίως
640 3820 745 3894 πρῶτον
758 3814 819 3892 περὶ
837 3814 981 3879 ἀθανασίας
999 3818 1091 3895 ψυχῆς
1111 3818 1256 3888 ποιήσεται

130 3917 176 3973 τὸν
190 3915 282 3994 λόγον·
300 3915 330 3972 οὐ
344 3916 432 3986 πάσης
448 3914 489 3995 (οὐ
503 3915 554 3993 γάρ
571 3916 615 3969 καὶ
629 3921 677 3984 τῆς
691 3918 739 3969 τοῦ
755 3911 926 3992 μύρμηκος),
942 3912 1060 3978 ἀλλ’ὡς
1082 3913 1156 3971 εἶπεν
1174 3914 1254 3980 αὐτὸς

68 4036 99 4084 35
131 4016 227 4079 θείας
248 4037 283 4071 τε
304 4015 358 4070 καὶ
381 4014 590 4093 ἀνθρωπίνης.

162 4187 177 4235 4
201 4205 260 4250 φησι
281 4183 370 4234 246Ε
438 4184 468 4233 14
491 4183 604 4249 ὕστερον,
626 4196 662 4233 an
690 4184 859 4234 ΤΙιυωιυιωκ
882 4186 1019 4250 significat
1040 4186 1187 4238 Hermias‘?

131 4257 164 4307 16
182 4257 281 4341 xTlueaet.
299 4256 345 4306 176
360 4256 382 4304 Β

165 4373 210 4423 Nc
227 4374 240 4422 l
258 4376 321 4423 θεῖαι
339 4386 393 4422 om.
410 4372 438 4421 Μ
503 4372 738 4440 2πολὺ-ψυχαί
754 4373 854 4424 seclusi
918 4376 983 4442 θεῷ
999 4388 1053 4424 om.
1070 4375 1098 4423 M
1163 4375 1193 4424 11
1207 4376 1253 4426 τά-

132 4444 211 4508 ληθὲς]
234 4444 321 4508 ἀληθὲς
344 4444 371 4492 Μ
436 4441 480 4506 τὴν
503 4456 557 4493 0111.
581 4444 609 4493 M
674 4444 704 4495 14
730 4447 756 4496 δέ
776 4465 811 4503 τις
836 4447 864 4495 Μ
929 4446 1006 4496 25-26
1031 4446 1172 4511 ἀναγωγός]
1193 4448 1254 4497 ἀνα·

132 4515 229 4580 γωγεὺς
248 4515 276 4563 Μ
340 4514 370 4563 27
387 4515 483 4564 thom.
501 4514 529 4562 M
595 4515 625 4563 30
641 4517 662 4565 εἰ
683 4516 848 4579 ὰναμνήσειεν
863 4531 917 4567 om.
934 4518 962 4566 M
978 4530 984 4566 :
1000 4515 1179 4580 quamobrem
1194 4519 1255 4566 Αει·

134 4585 331 4661 ἀναμιμνῄσκων
351 4593 413 4649 post
431 4588 515 4635 καλῶν
537 4584 667 4646 addebam
695 4588 716 4636 εί
738 4587 903 4650 ἀναμνήσειεν
928 4587 958 4639 ἀν
981 4591 1013 4639 Α1
1040 4587 1079 4649 (ἀν
1101 4587 1154 4637 del.
1177 4601 1203 4648 a,
1225 4596 1255 4637 111

134 4657 250 4718 videtur}
315 4655 344 4706 31
362 4659 429 4731 δείξῃ
444 4657 472 4705 Μ
537 4657 567 4705 34
586 4660 631 4707 τοῦ
645 4669 700 4706 om.
716 4658 744 4706 M

1092 4753 1100 4791 Ι
