3248 5512
643 517 888 569 rnousoouuna
960 571 963 576 ,
1104 504 1108 513 “
1299 543 1328 576 1x

208 674 390 758 divinasque
419 693 541 740 catenas
571 681 774 743 immiscuerit
802 699 831 744 et
861 706 941 766 saepe
971 687 1129 747 Platonem
1158 693 1326 750 secundum

208 782 487 868 Pseudo-Orphica
503 789 543 846 sit
559 788 791 868 interpretatus.

248 890 344 950 lmmo
370 895 493 953 maximi
515 884 661 955 momenti
683 909 765 969 sunt,
783 898 906 977 opinor,
924 920 992 978 quae
1013 903 1050 959 de
1074 902 1229 961 nonnullis
1253 903 1327 962 Pla-

207 997 316 1056 tonieae
332 1000 479 1059 doctrinae
500 1001 730 1094 difficultatibus
750 1004 898 1084 disputat,
921 1020 951 1065 et
975 1009 1146 1086 praesertim
1167 1012 1204 1069 de
1229 1011 1328 1070 anima
1358 993 1360 998 Ι

207 1106 382 1165 immortali.
412 1107 551 1187 Namque
577 1109 679 1169 ibide
706 1111 816 1170 mediis
843 1112 983 1171 terminis
1010 1115 1122 1193 agitur,
1158 1116 1189 1174 in
1213 1116 1327 1197 quibus

208 1217 412 1290 inveniendis,
430 1237 467 1276 ne
483 1237 623 1278 seorsum
639 1219 723 1278 Deus
733 1232 763 1279 et
773 1221 905 1280 mundus
917 1234 1086 1298 manerent,
1099 1243 1219 1281 omnem
1232 1224 1327 1283 luisse

208 1329 322 1388 scimus
338 1329 409 1387 inde
425 1327 850 1409 aPlatonephilosophorum
873 1329 925 1408 qui
950 1351 1018 1389 eum
1047 1333 1256 1410 sequebantur
1277 1353 1325 1391 co-

207 1449 321 1497 natum.
340 1436 374 1496 ln
391 1436 457 1496 Deo
477 1436 557 1495 enim
581 1435 641 1515 (vel
658 1435 749 1515 Entel
774 1436 856 1495 nulla
878 1438 909 1495 in
933 1438 964 1497 id
986 1441 1070 1517 quod
1092 1452 1177 1499 extra
1199 1459 1266 1498 eum
1288 1440 1328 1498 sit

206 1545 297 1621 actio,
314 1530 407 1618 nulla,
423 1558 455 1605 ut
472 1544 573 1604 Kantii
589 1544 693 1629 verbis
710 1557 788 1616 utar,
806 1548 1017 1619 heteronomio,
1040 1547 1142 1606 nullus
1162 1549 1325 1629 temporis,

206 1652 310 1711 nullus
335 1652 395 1710 loci
424 1664 610 1731 respectus:
638 1650 743 1710 nullus
775 1651 871 1732 igitur
896 1666 1009 1724 motus,
1037 1653 1169 1732 ideoque
1198 1653 1327 1726 ἀκίνητον

206 1771 343 1818 vocatur.
368 1757 403 1817 ln
429 1759 543 1817 m'undo
571 1770 671 1817 autem
698 1758 1139 1838 phaenomenorum,.quorum
1154 1760 1237 1820 aliud
1252 1761 1327 1840 quid

207 1887 298 1926 causa
318 1881 376 1938 est,
388 1865 566 1925 necessario
578 1866 679 1925 omnia
693 1880 865 1940 moventur,
883 1869 938 1928 sed
954 1885 1016 1927 non
1032 1881 1143 1948 sponte
1152 1862 1324 1942 moventur,

200 1973 338 2054 *ideoque
379 1987 506 2034 vocatur
521 1975 718 2054 ἑτεροκίνητον.
737 1974 811 2049 Quae
836 1977 925 2055 quasi
950 1977 1034 2035 fossa
1061 1977 1143 2035 iuter
1172 1976 1270 2036 Deum
1297 1991 1327 2037 et

206 2083 351 2140 mundum
370 2082 547 2141 necessaria
573 2102 641 2141 esse
656 2059 868 2163 philosophisx
888 2082 954 2142 visa
983 2096 1058 2155 erat,
1083 2103 1163 2155 cum,
1181 2085 1232 2143 ubi
1257 2105 1325 2144 eum

207 2188 364 2248 Heraclito
379 2190 481 2248 omnia
497 2189 592 2247 lluere
615 2189 756 2247 arbitrati
769 2255 775 2267 .
786 2186 902 2262 essent,
925 2189 1000 2248 nihil
1027 2211 1085 2271 pro
1099 2204 1184 2250 certo
1213 2190 1325 2252 babere

207 2311 313 2359 essent
338 2298 447 2357 coacti.
482 2296 543 2356 Sed
568 2319 635 2357 eum
669 2318 750 2358 nune
789 2298 874 2357 Deus
901 2297 1121 2358 Aristotelicas
1146 2299 1197 2359 ille
1226 2321 1325 2380 neque

206 2409 355 2466 mundum
383 2426 484 2486 neque
514 2427 547 2465 se
571 2407 672 2487 ipsum
698 2419 818 2466 moveat
838 2407 919 2485 (nam
949 2427 1029 2465 unus
1058 2419 1088 2465 et
1113 2419 1246 2466 aeternus
1265 2421 1324 2479 est,

205 2535 305 2595 neque
321 2526 426 2594 partes
449 2512 550 2583 habet,
577 2534 676 2592 neque
706 2513 856 2599 temporis
879 2526 908 2572 et
932 2513 992 2572 loci
1013 2513 1156 2573 notiones
1185 2515 1325 2594 recipere
1362 2559 1363 2562 ,
1407 2525 1409 2528 ‘

204 2613 333 2694 potest),
349 2614 390 2672 ita
412 2613 555 2672 diversus
580 2613 741 2673 efficitura
766 2616 892 2699 mund0,
916 2626 951 2673 ut
963 2634 1036 2673 vere
1060 2615 1235 2674 contrarius
1264 2616 1325 2676 dici

204 2722 316 2802 possit.
343 2720 519 2807 Secundum
541 2721 643 2801 ipsum
666 2721 763 2800 igitur
788 2720 988 2780 Aristotelem
1017 2733 1139 2800 oportet
1167 2722 1249 2781 inter
1274 2723 1325 2781 illa

140 2902 143 2909 ²
205 2827 373 2902 contraria,
387 2826 470 2886 velut
498 2827 578 2886 inter
599 2828 710 2891 omnia.
739 2827 874 2887 medium
896 2826 1013 2907 aliquid
1038 2847 1118 2900 esse,
1137 2830 1221 2907 quod
1246 2829 1326 2890 sicut

205 2939 236 2994 τὸ
250 2936 437 3018 ἑτεροκίνητον
452 2937 636 3007 movebitur,
651 2948 825 2999 nontamen
840 2938 877 2994 ab
891 2934 962 3006 ali0,
975 2932 1121 3015 quodque
1134 2937 1215 2995 sicut
1224 2938 1255 2993 τὸ
1268 2937 1325 2994 ἀκί-

205 3068 285 3116 νητον
301 3064 392 3103 causa
404 3044 451 3102 sui
476 3043 545 3114 erit,
574 3063 674 3122 neque
694 3055 795 3101 tamen
819 3042 952 3100 manebit
972 3042 1161 3101 immobilis:
1180 3056 1324 3123 propter·
1420 3114 1421 3118 ἵ

159 3138 163 3145 ’
205 3171 300 3231 eaque
314 3150 476 3209 vocabitur
495 3149 570 3208 illud
586 3148 763 3221 αὐτοκίνητον
780 3148 845 3208 sive
860 3149 971 3207 anima.
988 3148 1096 3229 Neque
1112 3150 1139 3207 is
1153 3171 1322 3230 puerorum

205 3263 253 3321 vel
267 3261 547 3321 Alexandrinorum
565 3259 656 3319 ludus
674 3283 680 3317 :
698 3280 767 3318 nam
782 3259 808 3317 si
824 3270 907 3318 reete
927 3259 1102 3343 inspexeris
1123 3280 1323 3340 quaecumque

205 3370 294 3429 etiam
315 3389 395 3428 nunc
416 3368 576 3428 disserunt
596 3366 776 3446 philosophi
797 3378 945 3425 conantes
965 3365 1146 3446 intellegere
1168 3369 1324 3446 quomodo

205 3476 324 3555 aliquid
337 3474 624 3534 interaeternitatem
636 3485 666 3533 et
679 3486 814 3553 tempus,
827 3472 909 3531 inter
929 3486 1044 3531 motum
1060 3486 1090 3532 et
1100 3474 1235 3551 quietem
1251 3496 1321 3534 esse

204 3583 316 3663 possit,
329 3582 378 3641 vel
391 3572 466 3660 quid
480 3581 521 3640 sit
536 3580 667 3639 liberum
683 3579 856 3655 arbitrium,
870 3578 957 3637 facile
972 3580 1054 3659 apud
1065 3599 1172 3639 omnes
1183 3580 1323 3641 invenies

204 3689 320 3769 aliquid
332 3691 415 3768 quod
429 3695 466 3767 τῷ
481 3688 650 3761 αὐτοκινήτῳ
661 3699 708 3745 est
719 3686 920 3757 simillimum,
933 3707 1001 3746 cum
1013 3688 1238 3748 contrariorum
1252 3710 1323 3769 pro-

203 3798 351 3878 prietates
367 3797 398 3856 in
410 3817 443 3856 se
459 3797 550 3855 simul
576 3797 729 3875 praeferat.
755 3793 815 3855 Sed
842 3815 923 3867 cum,
945 3797 1016 3855 dum
1032 3795 1130 3855 Ensa
1154 3797 1323 3859 Non-Ente

205 3924 349 3984 separare
364 3903 482 3973 volunt,
500 3903 542 3961 ita
554 3904 585 3963 id
600 3902 708 3982 quavis
724 3901 870 3981 qualitate
886 3902 1106 3981 spoliavissent
1119 3917 1151 3963 ut
1166 3924 1203 3962 ne
1222 3907 1323 3965 nomi-

205 4033 278 4072 nare
294 4014 419 4093 quidem
434 4027 564 4094 possent
579 4013 673 4091 (sicut
691 4012 779 4071 Plato
795 4013 826 4070 in
850 4015 1030 4070 Parmenida
1046 4015 1182 4094 latetur),
1212 4037 1322 4076 rursus

205 4142 274 4180 eum
287 4121 455 4180 Non-Ente
470 4133 592 4200 poterat
611 4121 758 4180 conlundi
773 4143 780 4177 :
798 4140 876 4178 uam¹
889 4122 1057 4179 secundum
1073 4124 1213 4182 eumdem
1250 4124 1324 4183 Pla-

205 4237 307 4282 tonem
323 4236 352 4282 et
368 4224 487 4282 Bonum
503 4225 606 4303 ipsum
621 4237 651 4282 et
662 4224 775 4283 Malum
791 4223 892 4302 ipsum
909 4224 997 4302 quasi
1022 4223 1202 4285 Non-Entia
1230 4248 1322 4307 appa-

136 4327 139 4335 ‘
203 4343 271 4388 rent
289 4353 295 4388 :
313 4332 514 4410 quodomnes
542 4344 651 4410 postea
672 4330 794 4390 Platoni
816 4333 1055 4411 exprobrabant.
1084 4331 1199 4392 Noster
1222 4349 1322 4394 autem

205 4434 347 4495 Hermias
363 4457 425 4495 non
441 4437 507 4495 sine
523 4438 655 4515 quodam
676 4437 905 4516 acuminequid
920 4437 963 4495 ibi
978 4440 1107 4497 arduum
1128 4453 1212 4499 esset
1233 4443 1321 4513 vidit,

203 4541 296 4600 idest
321 4544 476 4621 quomodo
514 4544 679 4602 interduo
709 4543 761 4601 illa
776 4542 957 4602 Non-Entia
979 4544 1153 4604 differentia
1183 4551 1322 4626 quaedam

202 4646 334 4706 inveniri
349 4661 458 4727 posset
474 4673 481 4706 ε
499 4669 590 4728 quam
614 4649 684 4728 ipso
702 4654 742 4724 τῷ
759 4648 930 4723 αὐτοκινήτῳ
953 4648 1141 4709 obtinemus.
1167 4651 1244 4711 Nam
1270 4654 1324 4713 ubi
