3164 5512
226 458 227 462 ’
313 486 360 538 252
700 473 843 525 mmor
864 472 1061 524 ιιιιοοοψον

223 633 288 703 [1981
321 661 360 672 ·-
375 627 440 686 Εῐπε
455 627 483 684 δέ
501 631 538 701 ἣν
552 629 614 710 οὐχ
626 627 721 688 ’ένεκα
736 636 791 687 τοῦ
806 629 927 709 λέγειν,
945 626 1038 700 έπειδή
1056 631 1082 685 οἱ
1097 629 1208 708 ῥήτορες
1224 628 1305 687 ένεκα
1318 636 1367 688 τοῖι
1381 653 1445 712 προ-

320 731 431 808 ρορικοὸ
451 726 534 805 λόγου
553 728 663 786 ἀσκοῦσι
681 730 738 800 τήν,
750 730 896 809 ῥητορικὴν
915 729 1025 785 καὶτοῦ
1047 727 1231 810 κεχαρισμένα
1251 730 1297 785 καὶ
1316 729 1445 803 ἡδέακαὶ

320 824 426 882 ἐπαίνου
446 820 507 891 ’σ’ξια
524 828 596 906 παρά
614 834 673 892 τοῖς
693 828 842 908 ἀνθρώποις
864 825 952 905 λέγειν
971 827 989 898 ἢ
1008 826 1145 906 πράττειν·
1162 824 1260 884 εἰδέναι
1275 826 1304 884 δέ
1319 826 1362 884 δεῖ
1377 829 1444 884 ὁτιὸ

319 921 504 1005 κεχαρισμένα
524 922 618 1005 [παρὰ]
638 929 695 989 τοῖς
716 924 864 1004 ἀνθρώποις
885 924 1008 1003 πράττων
1028 924 1059 980 οὐ
1080 926 1265 1005 κεχαρισμένα
1286 932 1344 990 τοῖς
1367 934 1443 990 θεοῖς

274 1021 288 1069 5
320 1027 404 1093 ποιεῖ,
426 1018 500 1079 ἀλλὰ
517 1022 563 1089 καὶ
582 1020 715 1079 ἀνάπαλιν
735 1025 750 1079 ὁ
768 1023 950 1103 κεχαρισμένα
963 1029 1022 1086 τοῖς
1038 1028 1114 1087 θεοῖς
1130 1023 1309 1102 πράττωνκαὶ
1325 1032 1384 1090 τοῖς
1399 1026 1444 1081 άν-

320 1119 438 1198 θρώποις
452 1121 573 1199 πράττει·
589 1127 625 1200 τῷ
641 1122 691 1201 γὰρ
708 1123 836 1196 ὁμνοῦντι
850 1122 880 1177 τὸ
896 1126 975 1178 Βεῖον
990 1117 1136 1177 ἀκολουθεῖ
1154 1122 1198 1176 καὶ
1216 1128 1255 1195 τῷ
1273 1121 1394 1199 βελτίονι
1413 1125 1443 1179 τὸ

319 1225 427 1301 χεῖρον.
444 1253 483 1263 -
501 1219 536 1275 Τὸ
557 1216 585 1275 δέ
601 1220 786 1301 σοριὸτεροι
805 1224 910 1294 ἡμῶν,
928 1222 987 1276 οῖον
1002 1221 1029 1276 οἱ
1042 1220 1231 1298 Πυθαγόρειοι·
1248 1222 1329 1299 ὁγάρ
1344 1221 1443 1287 Πῶλος

321 1316 347 1373 έν
370 1323 407 1395 τῷ
429 1317 552 1395 Γοργίᾳ
573 1324 694 1399 ρανερῶς
716 1319 792 1376 εἶπεν
813 1318 854 1374 δτι
876 1317 907 1375 οὗ
928 1317 1010 1398 χρεία
1031 1317 1085 1374 ἐστὶ
1105 1318 1135 1374 τὸ
1157 1317 1255 1390 ἀληθές
1278 1316 1378 1376 εἰδέναι
1397 1321 1443 1375 τὸν

320 1415 433 1495 ῥήτορα,
455 1416 522 1494 πρὸς
542 1418 573 1473 ὁν
594 1419 694 1480 ἱκανῶς
713 1417 866 1489 ἠναντιώθη
880 1419 904 1476 ὁ
927 1416 1087 1496 Σωκράτης·
1110 1416 1178 1474 ὥστε
1198 1423 1256 1480 τοῖς
1280 1418 1329 1492 μέν
1353 1425 1444 1498 σοροῖς

258 1512 289 1561 10
321 1510 396 1570 δοκεῖ
409 1514 442 1569 τά
457 1511 587 1571 δοκοῦντα
602 1516 751 1595 Σωκράτει,
767 1520 825 1579 τοῖς
843 1512 871 1571 δέ
885 1515 953 1572 κατά
966 1515 1013 1571 τὸν
1028 1512 1127 1571 Πῶλον
1141 1514 1174 1571 τά
1189 1514 1303 1575 ἐναντία.

361 1693 434 1768 ομζ’.
459 1691 677 1769 Ὀμοδοὸλοις
699 1693 759 1771 δεῖ]
783 1695 841 1752 273
864 1692 901 1753 Ε.

362 1852 405 1918 Ὠς
423 1854 531 1911 πάντων
550 1858 632 1929 ἡμῶν
653 1851 837 1921 δεσποζόντων
857 1859 911 1911 τῶν
929 1858 1017 1924 θεῶν,
1039 1853 1115 1930 λέγει
1134 1852 1175 1909 ὁτι
1190 1851 1221 1908 οὸ
1238 1849 1278 1908 δεῖ
1293 1850 1444 1930 ἀνθρώποις

322 1950 492 2032 χαρίζεσθαι.
508 1986 547 1994 -
562 1948 632 2007 Ὅτι
652 1952 694 2026 μὴ
715 1951 892 2030 πάρεργον,
916 1949 973 2006 ἀντὶ
993 1955 1040 2006 τοῦ
1061 1951 1083 2006 εἰ
1104 1951 1142 2024 μή
1158 1949 1305 2028 πάρεργον,
1327 1947 1445 2005 τουτέστι

320 2047 389 2104 κατὰ
404 2043 591 2122 συμὸεὸηκὸς·
608 2048 817 2128 προηγούμενον
834 2048 884 2128 γάρ
900 2047 954 2104 ἐστι
967 2048 998 2104 τὸ
1016 2054 1076 2112 τοῖς
1096 2055 1174 2112 θεοῖς
1190 2046 1362 2128 χαρίζεσθαι,
1379 2069 1446 2121 συμ-

258 2146 289 2196 15
322 2141 409 2203 ὁαῖνει
428 2144 518 2204 δὲκαὶ
537 2147 687 2226 ἀνθρώποις
706 2130 887 2228 κεχαρισμένα
904 2134 993 2224 λέγειν
1011 2145 1075 2209 τοὺς
1094 2145 1277 2226 κεχαρισμένα
1291 2151 1350 2208 τοῖς
1367 2151 1445 2208 θεοῖς

224 2296 227 2300 .
296 2270 298 2274 >
323 2243 460 2322 λέγοντας.

360 2409 439 2485 σμη’.
463 2408 554 2466 ”Ωστ’
576 2411 604 2468 εἰ
628 2411 735 2489 μακρά
756 2414 773 2482 ἡ
796 2406 967 2490 περίοδος]
990 2408 1049 2467 274
1073 2407 1110 2467 A.

361 2567 392 2624 ’Π
405 2575 456 2639 τῆς
471 2566 589 2639 ἀληθοῦς
609 2567 755 2648 ῥητορικῆς
775 2567 848 2632 ὁδὸς.
865 2605 904 2615 -
924 2567 1086 2648 Μεγάλων
1106 2571 1168 2649 γάρ
1183 2567 1293 2626 ένεκα·
1315 2570 1380 2647 ὁρᾷς
1397 2570 1447 2648 γάρ

249 2678 253 2686 ’
322 2661 364 2724 ὅτι
382 2665 412 2721 τὸ
426 2662 503 2729 τέλος
521 2661 731 2746 τῆςρητορικῆς
748 2668 784 2730 εἰς
799 2667 880 2730 θεοὺς
896 2667 1041 2745 ἀνήγαγεν·
1059 2665 1098 2724 δεῖ
1111 2666 1172 2747 γάρ,
1184 2663 1248 2748 έρη,
1262 2667 1446 2747 κεχαρισμένα

258 2771 290 2822 20
321 2770 398 2827 θεοῖς
416 2769 504 2820 ποιεῖν
523 2765 568 2819 καὶ
587 2763 618 2820 οὐ
637 2762 670 2820 τά
688 2765 804 2844 τυχόντα
824 2762 953 2842 λέγειν-ἢ
977 2765 1113 2845 πράττειν,
1139 2762 1201 2821 οὐδὲ
1222 2763 1376 2844 ἀνθρώποις
1397 2786 1448 2843 χα-

322 2864 448 2942 ρίζεσθαι,
467 2863 489 2919 εἰ
503 2864 541 2937 μή
555 2860 586 2918 ἂν
602 2862 641 2926 ῶς
657 2861 685 2918 έν
699 2861 837 2941 παρέργῳ.

361 3047 435 3124 «με.
461 3043 507 3114 ’τε
531 3030 678 3123 ἐκεινου]
701 3047 760 3105 274
782 3045 818 3105 A.

339 3223 341 3225 ’
360 3207 497 3264 Τουτέστιν
514 3205 544 3262 έκ
561 3210 616 3262 τῶν
635 3209 722 3262 θεῶν·
744 3203 808 3261 ὁταν
828 3203 878 3282 γάρ
896 3203 964 3283 πρὸς
984 3201 1066 3265 θεοὺς
1085 3205 1102 3272 ἡ
1124 3200 1274 3262 ἀπόλαυσις
1295 3203 1352 3256 τῶν
1366 3196 1450 3277 λεγο-

323 3305 411 3381 μένων
425 3305 470 3361 καῖ
484 3301 677 3384 πραττομένων
692 3301 723 3377 ᾗ,
738 3301 800 3358 τότε
814 3300 902 3357 πάντα
915 3299 975 3357 κατ’
990 3300 1068 3379 ὁρθὸν
1083 3303 1152 3376 ἡμῖν
1166 3293 1319 3379 προὸαίνει.

258 3495 289 3546 25
361 3474 411 3532 ον’.
435 3468 534 3528 Ἀλλά
555 3469 609 3526 καὶ
632 3468 853 3551 έπιχειροῦντί
874 3470 936 3546 τοι]
959 3468 1018 3527 274
1040 3467 1076 3527 A.

359 3637 498 3693 Τουτέστιν
510 3634 642 3715 ἐγχειρεῖν
656 3634 703 3708 μέν
718 3633 800 3690 ἅπασι
814 3641 874 3697 τοῖς
888 3632 995 3706 καλοῖς,
1013 3634 1101 3714 ρέρειν
1116 3631 1144 3689 δέ
1157 3631 1197 3688 ὁτι
1211 3630 1243 3688 ἃν
1257 3631 1322 3696 θεὸς
1336 3629 1375 3709 δῷ
1391 3652 1452 3709 γεν·

321 3735 414 3798 ναέως·
430 3732 568 3791 έπαινετέα
580 3731 625 3789 οὸν
637 3731 738 3803 ἐστινὴ
755 3732 798 3788 ἐπὶ
810 3737 869 3796 τοῖς
882 3731 975 3795 καλοῖς
990 3731 1171 3812 ἐπιχείρησις,
1185 3729 1234 3787 κάν
1248 3729 1450 3810 ἀποτυγχάνειν

321 3855 360 3897 τις
375 3831 468 3909 μέλλῃ
484 3831 502 3902 ἢ
517 3831 633 3912 πάσχειν
648 3832 738 3888 ὁτιοῦν
753 3828 787 3886 δι’
801 3829 865 3886 αὐτὸ
880 3835 970 3888 τοῦτο.

351 4022 373 4073 8.
394 4021 477 4087 Gor9.
493 4022 538 4072 461
556 4021 626 4073 B-C.

354 4140 401 4190 Nc
418 4143 432 4191 1
449 4139 489 4206 ἣν]
503 4142 546 4190 νῦν
566 4139 608 4189 E:
628 4152 682 4190 om.
704 4139 731 4188 Μ
796 4138 812 4188 2
832 4140 1017 4205 κεχαρισμένου
1035 4140 1072 4186 A·
1133 4138 1147 4187 3
1169 4137 1258 4188 εἰδέναι
1277 4139 1311 4197 Α,
1333 4136 1395 4188 οὐδέ
1414 4151 1451 4189 ex

322 4213 462 4264 εἰδέθΠ.α
525 4212 625 4277 timp&
639 4210 705 4260 secl.
771 4208 994 4276 οὺ-ὁπράττων
1009 4222 1064 4259 om.
1077 4207 1130 4257 ΜΕ
1194 4208 1256 4259 5τὸ
1270 4207 1398 4259 ἀνάπαλιν
1414 4213 1452 4259 A·

253 4338 254 4341 γ
383 4283 399 4332 6
416 4285 549 4335 ἀκολουθεῖ
560 4281 607 4330 vix
620 4281 722 4346 legitur
735 4281 764 4330 in
777 4286 802 4331 Α
865 4283 908 4331 καὶ
925 4307 955 4316 -
974 4280 989 4328 7
1003 4286 1088 4346 χεῖρον
1102 4285 1230 4344 corrupta
1244 4279 1345 4328 trustra
1360 4280 1451 4330 inter-

323 4355 422 4419 pretari
435 4359 549 4404 conatus
562 4359 604 4402 est
618 4356 676 4401 Αετ
737 4352 753 4401 7
769 4352 784 4415 ἢ
800 4358 861 4417 post
875 4355 945 4415 ἡμῶν
960 4351 1040 4412 (Plat.
1055 4349 1113 4401 cod.
1127 4350 1162 4414 T;
1181 4348 1241 4400 cod.
1258 4349 1280 4398 Β
1295 4362 1351 4399 om.
1365 4354 1450 4414 ἡμῶν)

323 4439 377 4476 non
393 4426 491 4489 legisse
506 4425 616 4476 videtur
631 4422 757 4474 Hermias
821 4423 836 4472 9
853 4424 1004 4487 ἡναντιοισεν
1018 4426 1055 4471 Α·
1112 4423 1144 4473 10
1159 4423 1202 4472 τον
1214 4421 1306 4471 Πῶλον
1321 4432 1406 4471 evan.
1420 4422 1450 4471 in

322 4502 347 4547 Α
412 4492 766 4560 11ὁμοδοΰλοις,ὁι“υλ)ε.Α
831 4496 861 4543 15
877 4496 1187 4561 λέγειν-κεχαρισμένα
1199 4492 1291 4542 om.M
1357 4492 1391 4543 16
1408 4496 1452 4543 λε’·

323 4567 430 4632 γοντιΜ
496 4567 525 4616 17
540 4564 762 4627 ὥστ’,ὤειιὸπΑ
803 4559 1069 4629 ’ή]ἧΡ1τιι.οοὸ.Β
1134 4564 1165 4614 19
1179 4567 1216 4615 δεῖ
1225 4562 1374 4626 εοτίμείετί
1384 4563 1451 4614 libri

344 4671 365 4718 :-
381 4637 582 4723 gegeggprffi
639 4638 669 4689 ιο
685 4634 757 4705 προς]
771 4638 804 4696 τις
818 4637 847 4686 ιι
872 4623 877 4640 ·
911 4634 943 4685 25
959 4636 1033 4698 σοι,
1050 4637 1067 4687 ε
1082 4635 1156 4685 rubr.
1169 4641 1194 4686 A
1256 4636 1299 4684 ml
1313 4646 1370 4684 om.
1385 4635 1415 4685 M
