<?xml version="1.0" encoding="UTF-8"?>
<!DOCTYPE html PUBLIC "-//W3C//DTD XHTML 1.0 Transitional//EN"
    "http://www.w3.org/TR/xhtml1/DTD/xhtml1-transitional.dtd">
<html xmlns="http://www.w3.org/1999/xhtml" xml:lang="en" lang="en">
 <head>
  <title>
</title>
<meta http-equiv="Content-Type" content="text/html;charset=utf-8" />
  <meta name='ocr-system' content='tesseract 3.04.00' />
  <meta name='ocr-capabilities' content='ocr_page ocr_carea ocr_par ocr_line ocrx_word'/>
</head>
<body>
  <div class='ocr_page' id='page_1' title='image "./hermiaealexandr00alexgoog_0046.png"; bbox 0 0 3248 5512; ppageno 0'>
   <div class='ocr_carea' id='block_1_1' title="bbox 453 885 1023 966">
    <p class='ocr_par' dir='ltr' id='par_1_1' title="bbox 453 885 1023 966">
     <span class='ocr_line' id='line_1_1' title="bbox 453 885 1023 966; baseline 0.014 -8"><span class='ocrx_word' id='word_1_1' title='bbox 453 885 687 960; x_wconf 86' lang='grc' dir='ltr'>ΕΡΜΕΙΟΥ</span> <span class='ocrx_word' id='word_1_2' title='bbox 715 887 1023 966; x_wconf 87' lang='grc' dir='ltr'>ΦΙΛΟΣΟΦΟΥ</span> 
     </span>
    </p>
   </div>
   <div class='ocr_carea' id='block_1_2' title="bbox 361 1066 1109 1127">
    <p class='ocr_par' dir='ltr' id='par_1_2' title="bbox 361 1066 1109 1127">
     <span class='ocr_line' id='line_1_2' title="bbox 361 1066 1109 1127; baseline 0.013 -10"><span class='ocrx_word' id='word_1_3' title='bbox 361 1067 424 1117; x_wconf 83' lang='grc' dir='ltr'>ΤΩΝ</span> <span class='ocrx_word' id='word_1_4' title='bbox 445 1066 501 1119; x_wconf 85' lang='grc' dir='ltr'>ΕΙΣ</span> <span class='ocrx_word' id='word_1_5' title='bbox 521 1070 584 1120; x_wconf 84' lang='lat' dir='ltr'>TON</span> <span class='ocrx_word' id='word_1_6' title='bbox 604 1070 779 1122; x_wconf 78' lang='grc' dir='ltr'>ΠΛΑΤΩΝΟΣ</span> <span class='ocrx_word' id='word_1_7' title='bbox 801 1072 943 1125; x_wconf 77' lang='grc' dir='ltr'>ΦΑΙΔΡΟΝ</span> <span class='ocrx_word' id='word_1_8' title='bbox 965 1076 1109 1127; x_wconf 82' lang='grc' dir='ltr'>ΣΙΙΟΛΙΩΝ</span> 
     </span>
    </p>
   </div>
   <div class='ocr_carea' id='block_1_3' title="bbox 625 1234 856 1289">
    <p class='ocr_par' dir='ltr' id='par_1_3' title="bbox 625 1234 856 1289">
     <span class='ocr_line' id='line_1_3' title="bbox 625 1234 856 1289; baseline 0.017 -4"><span class='ocrx_word' id='word_1_9' title='bbox 625 1234 689 1286; x_wconf 78' lang='grc' dir='ltr'>ΤΩΝ</span> <span class='ocrx_word' id='word_1_10' title='bbox 709 1234 765 1286; x_wconf 85' lang='grc' dir='ltr'>ΕΙΣ</span> <span class='ocrx_word' id='word_1_11' title='bbox 782 1237 856 1289; x_wconf 82' lang='grc' dir='ltr'>ΤΡΙΑ</span> 
     </span>
    </p>
   </div>
   <div class='ocr_carea' id='block_1_4' title="bbox 536 1368 832 1447">
    <p class='ocr_par' dir='ltr' id='par_1_4' title="bbox 536 1368 832 1447">
     <span class='ocr_line' id='line_1_4' title="bbox 536 1368 832 1447; baseline 0.01 -3"><span class='ocrx_word' id='word_1_12' title='bbox 536 1368 538 1373; x_wconf 69' lang='grc'>’</span> <span class='ocrx_word' id='word_1_13' title='bbox 643 1396 684 1446; x_wconf 85' lang='grc' dir='ltr'>το</span> <span class='ocrx_word' id='word_1_14' title='bbox 705 1395 832 1447; x_wconf 81' lang='grc' dir='ltr'>υνοτοιν</span> 
     </span>
    </p>
   </div>
   <div class='ocr_carea' id='block_1_5' title="bbox 585 1666 890 1735">
    <p class='ocr_par' dir='ltr' id='par_1_5' title="bbox 585 1666 890 1735">
     <span class='ocr_line' id='line_1_5' title="bbox 585 1666 890 1735; baseline 0.007 -18"><span class='ocrx_word' id='word_1_15' title='bbox 585 1666 890 1735; x_wconf 81' lang='grc' dir='ltr'>&lt;ιινοοιιιιοιι&gt;</span> 
     </span>
    </p>
   </div>
   <div class='ocr_carea' id='block_1_6' title="bbox 74 1783 1292 1911">
    <p class='ocr_par' dir='ltr' id='par_1_6' title="bbox 74 1783 1292 1911">
     <span class='ocr_line' id='line_1_6' title="bbox 74 1783 1292 1911; baseline 0.042 -79"><span class='ocrx_word' id='word_1_16' title='bbox 74 1783 166 1911; x_wconf 47' lang='grc' dir='ltr'>θὲίῶ</span> <span class='ocrx_word' id='word_1_17' title='bbox 221 1820 250 1877; x_wconf 77' lang='lat'>«0</span> <span class='ocrx_word' id='word_1_18' title='bbox 265 1822 413 1901; x_wconf 58' lang='grc' dir='ltr'>Σωκράτης</span> <span class='ocrx_word' id='word_1_19' title='bbox 432 1820 475 1878; x_wconf 60' lang='grc' dir='ltr'>ἐπὶ</span> <span class='ocrx_word' id='word_1_20' title='bbox 494 1820 632 1903; x_wconf 60' lang='grc' dir='ltr'>εὐεργεσίᾳ</span> <span class='ocrx_word' id='word_1_21' title='bbox 645 1827 693 1879; x_wconf 71' lang='grc' dir='ltr'>τοῦ</span> <span class='ocrx_word' id='word_1_22' title='bbox 713 1826 767 1878; x_wconf 89' lang='grc' dir='ltr'>τῶν</span> <span class='ocrx_word' id='word_1_23' title='bbox 785 1821 935 1901; x_wconf 80' lang='grc' dir='ltr'>ἀνθρώπων</span> <span class='ocrx_word' id='word_1_24' title='bbox 949 1823 1043 1902; x_wconf 79' lang='grc' dir='ltr'>γένους</span> <span class='ocrx_word' id='word_1_25' title='bbox 1061 1823 1107 1880; x_wconf 88' lang='grc' dir='ltr'>καί</span> <span class='ocrx_word' id='word_1_26' title='bbox 1127 1829 1181 1881; x_wconf 89' lang='grc' dir='ltr'>τῶν</span> <span class='ocrx_word' id='word_1_27' title='bbox 1197 1828 1292 1905; x_wconf 76' lang='grc' dir='ltr'>ψυχῶν</span> 
     </span>
    </p>
   </div>
   <div class='ocr_carea' id='block_1_7' title="bbox 117 1918 1292 3672">
    <p class='ocr_par' dir='ltr' id='par_1_7' title="bbox 181 1918 1292 2201">
     <span class='ocr_line' id='line_1_7' title="bbox 181 1918 1292 2001; baseline 0.005 -25"><span class='ocrx_word' id='word_1_28' title='bbox 181 1924 236 1977; x_wconf 88' lang='grc' dir='ltr'>τῶν</span> <span class='ocrx_word' id='word_1_29' title='bbox 250 1918 318 1976; x_wconf 88' lang='grc' dir='ltr'>νέων</span> <span class='ocrx_word' id='word_1_30' title='bbox 337 1920 513 2000; x_wconf 77' lang='grc' dir='ltr'>κατεπέμφθη</span> <span class='ocrx_word' id='word_1_31' title='bbox 535 1919 573 1985; x_wconf 87' lang='grc' dir='ltr'>είς</span> <span class='ocrx_word' id='word_1_32' title='bbox 592 1921 705 2000; x_wconf 86' lang='grc' dir='ltr'>γένεσιν·</span> <span class='ocrx_word' id='word_1_33' title='bbox 727 1918 854 2001; x_wconf 74' lang='grc' dir='ltr'>διαφορᾶς</span> <span class='ocrx_word' id='word_1_34' title='bbox 869 1919 898 1978; x_wconf 73' lang='grc' dir='ltr'>δὲ</span> <span class='ocrx_word' id='word_1_35' title='bbox 916 1919 999 1994; x_wconf 79' lang='grc' dir='ltr'>οόσης</span> <span class='ocrx_word' id='word_1_36' title='bbox 1013 1922 1122 1994; x_wconf 85' lang='grc' dir='ltr'>πολλῆς</span> <span class='ocrx_word' id='word_1_37' title='bbox 1134 1923 1204 1980; x_wconf 84' lang='grc' dir='ltr'>κατά</span> <span class='ocrx_word' id='word_1_38' title='bbox 1217 1946 1245 1982; x_wconf 86' lang='grc' dir='ltr'>τε</span> <span class='ocrx_word' id='word_1_39' title='bbox 1259 1924 1292 1981; x_wconf 82' lang='grc' dir='ltr'>τόι</span> 
     </span>
     <span class='ocr_line' id='line_1_8' title="bbox 181 2016 1292 2101; baseline 0.005 -26"><span class='ocrx_word' id='word_1_40' title='bbox 181 2016 236 2091; x_wconf 77' lang='grc' dir='ltr'>ἤθη</span> <span class='ocrx_word' id='word_1_41' title='bbox 250 2019 296 2076; x_wconf 83' lang='grc' dir='ltr'>καί</span> <span class='ocrx_word' id='word_1_42' title='bbox 311 2020 344 2075; x_wconf 81' lang='grc' dir='ltr'>τὰ</span> <span class='ocrx_word' id='word_1_43' title='bbox 358 2016 560 2094; x_wconf 72' lang='grc' dir='ltr'>ἐπιτηδεύματα</span> <span class='ocrx_word' id='word_1_44' title='bbox 574 2025 628 2076; x_wconf 86' lang='grc' dir='ltr'>τῶν</span> <span class='ocrx_word' id='word_1_45' title='bbox 643 2023 750 2100; x_wconf 77' lang='grc' dir='ltr'>ψυχῶν,</span> <span class='ocrx_word' id='word_1_46' title='bbox 767 2018 903 2100; x_wconf 76' lang='grc' dir='ltr'>διαφόρως</span> <span class='ocrx_word' id='word_1_47' title='bbox 916 2017 1028 2078; x_wconf 81' lang='grc' dir='ltr'>ἐκαστον</span> <span class='ocrx_word' id='word_1_48' title='bbox 1042 2021 1188 2101; x_wconf 78' lang='grc' dir='ltr'>εὐεργετεῖ,</span> <span class='ocrx_word' id='word_1_49' title='bbox 1200 2021 1292 2089; x_wconf 74' lang='grc' dir='ltr'>ἄλλως</span> 
     </span>
     <span class='ocr_line' id='line_1_9' title="bbox 181 2114 1291 2201; baseline 0.005 -26"><span class='ocrx_word' id='word_1_50' title='bbox 181 2117 244 2181; x_wconf 84' lang='grc' dir='ltr'>τοθς</span> <span class='ocrx_word' id='word_1_51' title='bbox 259 2118 344 2190; x_wconf 80' lang='grc' dir='ltr'>νέους,</span> <span class='ocrx_word' id='word_1_52' title='bbox 366 2114 459 2180; x_wconf 81' lang='grc' dir='ltr'>ἄλλως</span> <span class='ocrx_word' id='word_1_53' title='bbox 475 2117 537 2181; x_wconf 81' lang='grc' dir='ltr'>τοὺς</span> <span class='ocrx_word' id='word_1_54' title='bbox 551 2118 690 2197; x_wconf 78' lang='grc' dir='ltr'>σοφιστὰς,</span> <span class='ocrx_word' id='word_1_55' title='bbox 706 2124 771 2175; x_wconf 75' lang='grc' dir='ltr'>πᾶσι</span> <span class='ocrx_word' id='word_1_56' title='bbox 786 2124 882 2198; x_wconf 81' lang='grc' dir='ltr'>χεῖρας</span> <span class='ocrx_word' id='word_1_57' title='bbox 896 2119 998 2197; x_wconf 80' lang='grc' dir='ltr'>ὀρέγων</span> <span class='ocrx_word' id='word_1_58' title='bbox 1012 2120 1057 2175; x_wconf 90' lang='grc' dir='ltr'>καὶ</span> <span class='ocrx_word' id='word_1_59' title='bbox 1073 2119 1116 2176; x_wconf 88' lang='grc' dir='ltr'>έπὶ</span> <span class='ocrx_word' id='word_1_60' title='bbox 1131 2118 1291 2201; x_wconf 69' lang='grc' dir='ltr'>φιλοσοφίαν</span> 
     </span>
    </p>

    <p class='ocr_par' dir='ltr' id='par_1_8' title="bbox 135 2214 1292 2670">
     <span class='ocr_line' id='line_1_10' title="bbox 135 2214 1291 2297; baseline 0.004 -25"><span class='ocrx_word' id='word_1_61' title='bbox 135 2230 151 2280; x_wconf 81' lang='grc'><strong>5</strong></span> <span class='ocrx_word' id='word_1_62' title='bbox 182 2215 413 2296; x_wconf 86' lang='grc' dir='ltr'>προτρεπόμενος.</span> <span class='ocrx_word' id='word_1_63' title='bbox 430 2216 480 2273; x_wconf 83' lang='grc' dir='ltr'>Καὶ</span> <span class='ocrx_word' id='word_1_64' title='bbox 497 2221 543 2273; x_wconf 84' lang='grc' dir='ltr'>νῦν</span> <span class='ocrx_word' id='word_1_65' title='bbox 558 2215 605 2273; x_wconf 82' lang='grc' dir='ltr'>οὖν</span> <span class='ocrx_word' id='word_1_66' title='bbox 625 2217 671 2274; x_wconf 85' lang='grc' dir='ltr'>τὸν</span> <span class='ocrx_word' id='word_1_67' title='bbox 686 2214 806 2296; x_wconf 81' lang='grc' dir='ltr'>Φαῖδρον</span> <span class='ocrx_word' id='word_1_68' title='bbox 821 2216 864 2273; x_wconf 81' lang='grc' dir='ltr'>ἐπί</span> <span class='ocrx_word' id='word_1_69' title='bbox 882 2216 1014 2297; x_wconf 80' lang='grc' dir='ltr'>ῥητορικῇ</span> <span class='ocrx_word' id='word_1_70' title='bbox 1029 2217 1197 2293; x_wconf 88' lang='grc' dir='ltr'>ἐπτοημένον</span> <span class='ocrx_word' id='word_1_71' title='bbox 1212 2219 1291 2277; x_wconf 79' lang='grc' dir='ltr'>ἔπαν-</span> 
     </span>
     <span class='ocr_line' id='line_1_11' title="bbox 182 2313 1291 2395; baseline 0.005 -25"><span class='ocrx_word' id='word_1_72' title='bbox 182 2313 242 2393; x_wconf 83' lang='grc' dir='ltr'>άγει</span> <span class='ocrx_word' id='word_1_73' title='bbox 262 2313 305 2370; x_wconf 82' lang='grc' dir='ltr'>ἐπὶ</span> <span class='ocrx_word' id='word_1_74' title='bbox 325 2315 375 2384; x_wconf 75' lang='grc' dir='ltr'>τὴν</span> <span class='ocrx_word' id='word_1_75' title='bbox 390 2313 480 2385; x_wconf 82' lang='grc' dir='ltr'>ἀληθῆ</span> <span class='ocrx_word' id='word_1_76' title='bbox 499 2314 659 2394; x_wconf 76' lang='grc' dir='ltr'>ῥητορικὴν,</span> <span class='ocrx_word' id='word_1_77' title='bbox 675 2315 797 2372; x_wconf 78' lang='grc' dir='ltr'>τουτέστι</span> <span class='ocrx_word' id='word_1_78' title='bbox 815 2315 986 2395; x_wconf 87' lang='grc' dir='ltr'>φιλοσοφίαν.</span> <span class='ocrx_word' id='word_1_79' title='bbox 1003 2321 1115 2395; x_wconf 87' lang='grc' dir='ltr'>Πρῶτον</span> <span class='ocrx_word' id='word_1_80' title='bbox 1135 2314 1164 2373; x_wconf 74' lang='grc' dir='ltr'>δέ</span> <span class='ocrx_word' id='word_1_81' title='bbox 1181 2319 1212 2374; x_wconf 87' lang='grc' dir='ltr'>τὸ</span> <span class='ocrx_word' id='word_1_82' title='bbox 1232 2316 1291 2376; x_wconf 86' lang='grc' dir='ltr'>θλι-</span> 
     </span>
     <span class='ocr_line' id='line_1_12' title="bbox 181 2409 1292 2497; baseline 0.004 -29"><span class='ocrx_word' id='word_1_83' title='bbox 181 2412 229 2468; x_wconf 84' lang='grc' dir='ltr'>κδν</span> <span class='ocrx_word' id='word_1_84' title='bbox 247 2417 296 2468; x_wconf 81' lang='grc' dir='ltr'>τοῦ</span> <span class='ocrx_word' id='word_1_85' title='bbox 311 2409 440 2491; x_wconf 75' lang='grc' dir='ltr'>διαλόγου</span> <span class='ocrx_word' id='word_1_86' title='bbox 459 2412 504 2468; x_wconf 87' lang='grc' dir='ltr'>καὶ</span> <span class='ocrx_word' id='word_1_87' title='bbox 523 2414 555 2469; x_wconf 85' lang='grc' dir='ltr'>τό</span> <span class='ocrx_word' id='word_1_88' title='bbox 574 2413 724 2493; x_wconf 74' lang='grc' dir='ltr'>πρόσχημα</span> <span class='ocrx_word' id='word_1_89' title='bbox 743 2421 794 2484; x_wconf 83' lang='grc' dir='ltr'>τῆς</span> <span class='ocrx_word' id='word_1_90' title='bbox 808 2414 958 2476; x_wconf 84' lang='grc' dir='ltr'>ὑποθέσεως</span> <span class='ocrx_word' id='word_1_91' title='bbox 976 2413 1127 2489; x_wconf 81' lang='grc' dir='ltr'>έκθῶμεθα·</span> <span class='ocrx_word' id='word_1_92' title='bbox 1143 2421 1224 2494; x_wconf 81' lang='grc' dir='ltr'>χεῖρα</span> <span class='ocrx_word' id='word_1_93' title='bbox 1240 2417 1292 2497; x_wconf 72' lang='grc' dir='ltr'>γὰρ</span> 
     </span>
     <span class='ocr_line' id='line_1_13' title="bbox 181 2504 1292 2591; baseline 0.004 -25"><span class='ocrx_word' id='word_1_94' title='bbox 181 2513 250 2585; x_wconf 73' lang='grc' dir='ltr'>ἡμῖν</span> <span class='ocrx_word' id='word_1_95' title='bbox 272 2511 358 2575; x_wconf 77' lang='grc' dir='ltr'>οὕτως</span> <span class='ocrx_word' id='word_1_96' title='bbox 378 2504 464 2591; x_wconf 82' lang='grc' dir='ltr'>ὀρέξει</span> <span class='ocrx_word' id='word_1_97' title='bbox 484 2511 552 2589; x_wconf 87' lang='grc' dir='ltr'>πρὸς</span> <span class='ocrx_word' id='word_1_98' title='bbox 573 2510 624 2580; x_wconf 70' lang='grc' dir='ltr'>τὴν</span> <span class='ocrx_word' id='word_1_99' title='bbox 649 2508 895 2591; x_wconf 62' lang='grc' dir='ltr'>θεωρητικωτέραν</span> <span class='ocrx_word' id='word_1_100' title='bbox 914 2507 1047 2582; x_wconf 77' lang='grc' dir='ltr'>έπιθολὴν</span> <span class='ocrx_word' id='word_1_101' title='bbox 1072 2511 1117 2568; x_wconf 85' lang='grc' dir='ltr'>καί</span> <span class='ocrx_word' id='word_1_102' title='bbox 1138 2513 1184 2570; x_wconf 85' lang='grc' dir='ltr'>τὸν</span> <span class='ocrx_word' id='word_1_103' title='bbox 1206 2511 1292 2577; x_wconf 83' lang='grc' dir='ltr'>θντως</span> 
     </span>
     <span class='ocr_line' id='line_1_14' title="bbox 182 2609 294 2670; baseline 0.045 -5"><span class='ocrx_word' id='word_1_104' title='bbox 182 2609 294 2670; x_wconf 89' lang='grc' dir='ltr'>σκοπόν.</span> 
     </span>
    </p>

    <p class='ocr_par' dir='ltr' id='par_1_9' title="bbox 117 2704 1291 3181">
     <span class='ocr_line' id='line_1_15' title="bbox 117 2704 1289 2787; baseline 0.003 -24"><span class='ocrx_word' id='word_1_105' title='bbox 117 2720 149 2771; x_wconf 84' lang='grc'><strong>10</strong></span> <span class='ocrx_word' id='word_1_106' title='bbox 221 2707 319 2770; x_wconf 89' lang='grc' dir='ltr'>Λυσίας</span> <span class='ocrx_word' id='word_1_107' title='bbox 341 2709 356 2763; x_wconf 88' lang='grc' dir='ltr'>θ</span> <span class='ocrx_word' id='word_1_108' title='bbox 377 2707 471 2786; x_wconf 74' lang='grc' dir='ltr'>ῥήτωρ</span> <span class='ocrx_word' id='word_1_109' title='bbox 493 2705 562 2786; x_wconf 85' lang='grc' dir='ltr'>ἐρῶν</span> <span class='ocrx_word' id='word_1_110' title='bbox 583 2710 630 2763; x_wconf 78' lang='grc' dir='ltr'>τοῦ</span> <span class='ocrx_word' id='word_1_111' title='bbox 654 2704 775 2785; x_wconf 78' lang='grc' dir='ltr'>Φαίδρου</span> <span class='ocrx_word' id='word_1_112' title='bbox 796 2706 930 2787; x_wconf 75' lang='grc' dir='ltr'>αἰσχρῶς,</span> <span class='ocrx_word' id='word_1_113' title='bbox 953 2707 1184 2787; x_wconf 77' lang='grc' dir='ltr'>προσποιούμενος</span> <span class='ocrx_word' id='word_1_114' title='bbox 1203 2707 1232 2766; x_wconf 76' lang='grc' dir='ltr'>δέ</span> <span class='ocrx_word' id='word_1_115' title='bbox 1251 2711 1289 2785; x_wconf 78' lang='grc' dir='ltr'>μὴ</span> 
     </span>
     <span class='ocr_line' id='line_1_16' title="bbox 180 2801 1290 2885; baseline 0.001 -23"><span class='ocrx_word' id='word_1_116' title='bbox 180 2804 253 2885; x_wconf 72' lang='grc' dir='ltr'>ἐρᾶν,</span> <span class='ocrx_word' id='word_1_117' title='bbox 275 2806 320 2861; x_wconf 84' lang='grc' dir='ltr'>καί</span> <span class='ocrx_word' id='word_1_118' title='bbox 338 2804 508 2882; x_wconf 89' lang='grc' dir='ltr'>βουλόμενος</span> <span class='ocrx_word' id='word_1_119' title='bbox 529 2804 610 2861; x_wconf 84' lang='grc' dir='ltr'>αὐτὸν</span> <span class='ocrx_word' id='word_1_120' title='bbox 629 2804 780 2877; x_wconf 79' lang='grc' dir='ltr'>ἀποστῆσαι</span> <span class='ocrx_word' id='word_1_121' title='bbox 797 2809 852 2861; x_wconf 90' lang='grc' dir='ltr'>τῶν</span> <span class='ocrx_word' id='word_1_122' title='bbox 872 2801 966 2861; x_wconf 78' lang='grc' dir='ltr'>ἄλλων</span> <span class='ocrx_word' id='word_1_123' title='bbox 985 2803 1115 2884; x_wconf 89' lang='grc' dir='ltr'>ἐραστῶν,</span> <span class='ocrx_word' id='word_1_124' title='bbox 1130 2807 1290 2885; x_wconf 81' lang='grc' dir='ltr'>κακούργως</span> 
     </span>
     <span class='ocr_line' id='line_1_17' title="bbox 178 2901 1290 2983; baseline 0.002 -24"><span class='ocrx_word' id='word_1_125' title='bbox 178 2903 223 2960; x_wconf 87' lang='grc' dir='ltr'>καί</span> <span class='ocrx_word' id='word_1_126' title='bbox 237 2905 426 2982; x_wconf 71' lang='grc' dir='ltr'>παμπονηρῶς</span> <span class='ocrx_word' id='word_1_127' title='bbox 440 2903 538 2982; x_wconf 85' lang='grc' dir='ltr'>γράφει</span> <span class='ocrx_word' id='word_1_128' title='bbox 553 2902 649 2981; x_wconf 89' lang='grc' dir='ltr'>λόγον,</span> <span class='ocrx_word' id='word_1_129' title='bbox 666 2904 704 2966; x_wconf 88' lang='grc' dir='ltr'>ὡς</span> <span class='ocrx_word' id='word_1_130' title='bbox 720 2901 780 2961; x_wconf 80' lang='grc' dir='ltr'>δέον</span> <span class='ocrx_word' id='word_1_131' title='bbox 795 2909 834 2978; x_wconf 86' lang='grc' dir='ltr'>τῷ</span> <span class='ocrx_word' id='word_1_132' title='bbox 857 2905 900 2978; x_wconf 78' lang='grc' dir='ltr'>μὴ</span> <span class='ocrx_word' id='word_1_133' title='bbox 922 2902 1042 2983; x_wconf 85' lang='grc' dir='ltr'>ίρῶντι</span> <span class='ocrx_word' id='word_1_134' title='bbox 1065 2903 1195 2980; x_wconf 79' lang='grc' dir='ltr'>μᾶλλον</span> <span class='ocrx_word' id='word_1_135' title='bbox 1214 2905 1232 2976; x_wconf 74' lang='grc' dir='ltr'>ἢ</span> <span class='ocrx_word' id='word_1_136' title='bbox 1251 2912 1290 2981; x_wconf 84' lang='grc' dir='ltr'>τῶ</span> 
     </span>
     <span class='ocr_line' id='line_1_18' title="bbox 179 2999 1288 3083; baseline 0.002 -25"><span class='ocrx_word' id='word_1_137' title='bbox 179 3000 296 3081; x_wconf 88' lang='grc' dir='ltr'>ἐρῶντι</span> <span class='ocrx_word' id='word_1_138' title='bbox 316 3003 485 3081; x_wconf 85' lang='grc' dir='ltr'>χαρίζεσθαι,</span> <span class='ocrx_word' id='word_1_139' title='bbox 506 2999 575 3058; x_wconf 81' lang='grc' dir='ltr'>διότι</span> <span class='ocrx_word' id='word_1_140' title='bbox 596 3002 611 3058; x_wconf 85' lang='grc' dir='ltr'><strong>ὃ</strong></span> <span class='ocrx_word' id='word_1_141' title='bbox 635 3002 692 3077; x_wconf 78' lang='grc' dir='ltr'>μέν</span> <span class='ocrx_word' id='word_1_142' title='bbox 715 3001 883 3077; x_wconf 85' lang='grc' dir='ltr'>μαίνεται,</span> <span class='ocrx_word' id='word_1_143' title='bbox 906 3003 920 3059; x_wconf 86' lang='grc' dir='ltr'>θ</span> <span class='ocrx_word' id='word_1_144' title='bbox 943 3000 976 3059; x_wconf 84' lang='grc' dir='ltr'>δέ</span> <span class='ocrx_word' id='word_1_145' title='bbox 996 3010 1210 3083; x_wconf 86' lang='grc' dir='ltr'>σωφρονεῖ...,</span> <span class='ocrx_word' id='word_1_146' title='bbox 1232 3005 1288 3078; x_wconf 89' lang='grc' dir='ltr'>καὶ,</span> 
     </span>
     <span class='ocr_line' id='line_1_19' title="bbox 178 3097 1291 3181; baseline 0.004 -25"><span class='ocrx_word' id='word_1_147' title='bbox 178 3101 318 3158; x_wconf 83' lang='grc' dir='ltr'>συνελόντι</span> <span class='ocrx_word' id='word_1_148' title='bbox 340 3100 438 3174; x_wconf 78' lang='grc' dir='ltr'>εἰπεῖν,</span> <span class='ocrx_word' id='word_1_149' title='bbox 462 3100 490 3157; x_wconf 88' lang='grc' dir='ltr'>έν</span> <span class='ocrx_word' id='word_1_150' title='bbox 513 3100 562 3176; x_wconf 76' lang='grc' dir='ltr'>μὲν</span> <span class='ocrx_word' id='word_1_151' title='bbox 583 3105 622 3175; x_wconf 85' lang='grc' dir='ltr'>τῷ</span> <span class='ocrx_word' id='word_1_152' title='bbox 644 3100 706 3179; x_wconf 81' lang='grc' dir='ltr'>έρᾰν</span> <span class='ocrx_word' id='word_1_153' title='bbox 728 3097 864 3181; x_wconf 77' lang='grc' dir='ltr'>βλαὸερὸν</span> <span class='ocrx_word' id='word_1_154' title='bbox 884 3099 965 3158; x_wconf 78' lang='grc' dir='ltr'>αὐτὸν</span> <span class='ocrx_word' id='word_1_155' title='bbox 985 3098 1049 3158; x_wconf 85' lang='grc' dir='ltr'>’όντα</span> <span class='ocrx_word' id='word_1_156' title='bbox 1061 3103 1107 3158; x_wconf 87' lang='grc' dir='ltr'>καί</span> <span class='ocrx_word' id='word_1_157' title='bbox 1131 3108 1291 3160; x_wconf 80' lang='grc' dir='ltr'>νοσοῦντα</span> 
     </span>
    </p>

    <p class='ocr_par' dir='ltr' id='par_1_10' title="bbox 117 3196 1292 3672">
     <span class='ocr_line' id='line_1_20' title="bbox 117 3196 1292 3279; baseline 0.003 -26"><span class='ocrx_word' id='word_1_158' title='bbox 117 3208 149 3262; x_wconf 82' lang='lat'>15</span> <span class='ocrx_word' id='word_1_159' title='bbox 183 3196 312 3272; x_wconf 74' lang='grc' dir='ltr'>μᾶλλον</span> <span class='ocrx_word' id='word_1_160' title='bbox 328 3199 374 3255; x_wconf 82' lang='grc' dir='ltr'>καὶ</span> <span class='ocrx_word' id='word_1_161' title='bbox 390 3199 502 3279; x_wconf 87' lang='grc' dir='ltr'>φευκτὸν</span> <span class='ocrx_word' id='word_1_162' title='bbox 518 3196 562 3255; x_wconf 82' lang='grc' dir='ltr'>διὰ</span> <span class='ocrx_word' id='word_1_163' title='bbox 574 3203 655 3256; x_wconf 81' lang='grc' dir='ltr'>τοῦτο</span> <span class='ocrx_word' id='word_1_164' title='bbox 668 3203 727 3262; x_wconf 82' lang='grc' dir='ltr'>τοῖς</span> <span class='ocrx_word' id='word_1_165' title='bbox 743 3197 889 3278; x_wconf 80' lang='grc' dir='ltr'>ἐρωμένοις</span> <span class='ocrx_word' id='word_1_166' title='bbox 906 3197 1065 3274; x_wconf 82' lang='grc' dir='ltr'>ἐπιδεικνὺς,</span> <span class='ocrx_word' id='word_1_167' title='bbox 1082 3199 1110 3258; x_wconf 86' lang='grc' dir='ltr'>ἐν</span> <span class='ocrx_word' id='word_1_168' title='bbox 1124 3199 1154 3258; x_wconf 79' lang='grc' dir='ltr'>δέ</span> <span class='ocrx_word' id='word_1_169' title='bbox 1167 3207 1206 3276; x_wconf 84' lang='grc' dir='ltr'>τῷ</span> <span class='ocrx_word' id='word_1_170' title='bbox 1222 3201 1292 3277; x_wconf 77' lang='grc' dir='ltr'>μετὰ</span> 
     </span>
     <span class='ocr_line' id='line_1_21' title="bbox 178 3293 1290 3380; baseline 0.004 -29"><span class='ocrx_word' id='word_1_171' title='bbox 178 3296 208 3352; x_wconf 85' lang='grc' dir='ltr'>τὸ</span> <span class='ocrx_word' id='word_1_172' title='bbox 233 3296 294 3376; x_wconf 80' lang='grc' dir='ltr'>ἐρᾶν</span> <span class='ocrx_word' id='word_1_173' title='bbox 318 3295 430 3355; x_wconf 73' lang='grc' dir='ltr'>ἄπιστόν</span> <span class='ocrx_word' id='word_1_174' title='bbox 451 3319 512 3355; x_wconf 88' lang='grc' dir='ltr'>τινα</span> <span class='ocrx_word' id='word_1_175' title='bbox 534 3297 578 3355; x_wconf 83' lang='grc' dir='ltr'>καὶ</span> <span class='ocrx_word' id='word_1_176' title='bbox 603 3293 740 3354; x_wconf 76' lang='grc' dir='ltr'>ἀὸέθαιον·</span> <span class='ocrx_word' id='word_1_177' title='bbox 763 3295 823 3354; x_wconf 92' lang='grc' dir='ltr'>δέον</span> <span class='ocrx_word' id='word_1_178' title='bbox 844 3296 891 3354; x_wconf 78' lang='grc' dir='ltr'>οὖν</span> <span class='ocrx_word' id='word_1_179' title='bbox 912 3305 952 3372; x_wconf 83' lang='grc' dir='ltr'>τῶ</span> <span class='ocrx_word' id='word_1_180' title='bbox 974 3297 1059 3371; x_wconf 79' lang='grc' dir='ltr'>Λυσίᾳ</span> <span class='ocrx_word' id='word_1_181' title='bbox 1079 3300 1116 3364; x_wconf 85' lang='grc' dir='ltr'>ὡς</span> <span class='ocrx_word' id='word_1_182' title='bbox 1135 3302 1174 3374; x_wconf 79' lang='grc' dir='ltr'>μὴ</span> <span class='ocrx_word' id='word_1_183' title='bbox 1195 3299 1290 3380; x_wconf 86' lang='grc' dir='ltr'>ἐρῶντι</span> 
     </span>
     <span class='ocr_line' id='line_1_22' title="bbox 177 3393 1290 3477; baseline 0.003 -26"><span class='ocrx_word' id='word_1_184' title='bbox 177 3394 334 3474; x_wconf 86' lang='grc' dir='ltr'>χαρίζεσθαι</span> <span class='ocrx_word' id='word_1_185' title='bbox 352 3396 371 3467; x_wconf 73' lang='grc' dir='ltr'><strong>ἢ</strong></span> <span class='ocrx_word' id='word_1_186' title='bbox 390 3402 448 3461; x_wconf 86' lang='grc' dir='ltr'>τοῖς</span> <span class='ocrx_word' id='word_1_187' title='bbox 466 3394 561 3461; x_wconf 77' lang='grc' dir='ltr'>ἄλλοις</span> <span class='ocrx_word' id='word_1_188' title='bbox 579 3394 713 3477; x_wconf 80' lang='grc' dir='ltr'>ἐρασταῖς.</span> <span class='ocrx_word' id='word_1_189' title='bbox 728 3400 828 3452; x_wconf 81' lang='grc' dir='ltr'>Τοῦτον</span> <span class='ocrx_word' id='word_1_190' title='bbox 849 3397 863 3451; x_wconf 87' lang='grc' dir='ltr'>θ</span> <span class='ocrx_word' id='word_1_191' title='bbox 883 3393 1002 3476; x_wconf 79' lang='grc' dir='ltr'>Φαῖδρος</span> <span class='ocrx_word' id='word_1_192' title='bbox 1017 3398 1229 3475; x_wconf 79' lang='grc' dir='ltr'>θπερθαυμαίζων</span> <span class='ocrx_word' id='word_1_193' title='bbox 1243 3399 1290 3454; x_wconf 87' lang='grc' dir='ltr'>τὸν</span> 
     </span>
     <span class='ocr_line' id='line_1_23' title="bbox 178 3491 1290 3574; baseline 0.003 -25"><span class='ocrx_word' id='word_1_194' title='bbox 178 3491 273 3572; x_wconf 86' lang='grc' dir='ltr'>λόγον,</span> <span class='ocrx_word' id='word_1_195' title='bbox 286 3495 413 3570; x_wconf 72' lang='grc' dir='ltr'>μαθητὴς</span> <span class='ocrx_word' id='word_1_196' title='bbox 428 3495 525 3550; x_wconf 89' lang='grc' dir='ltr'>Λυσίου</span> <span class='ocrx_word' id='word_1_197' title='bbox 539 3494 585 3550; x_wconf 79' lang='grc' dir='ltr'>καὶ</span> <span class='ocrx_word' id='word_1_198' title='bbox 600 3493 726 3574; x_wconf 73' lang='grc' dir='ltr'>ἐραστὴς,</span> <span class='ocrx_word' id='word_1_199' title='bbox 738 3495 864 3574; x_wconf 86' lang='grc' dir='ltr'>συνέτυχε</span> <span class='ocrx_word' id='word_1_200' title='bbox 878 3494 1016 3574; x_wconf 82' lang='grc' dir='ltr'>Σωκράτει</span> <span class='ocrx_word' id='word_1_201' title='bbox 1031 3496 1090 3552; x_wconf 83' lang='grc' dir='ltr'>ὑπὸ</span> <span class='ocrx_word' id='word_1_202' title='bbox 1105 3496 1140 3551; x_wconf 88' lang='grc' dir='ltr'>τὸ</span> <span class='ocrx_word' id='word_1_203' title='bbox 1155 3496 1290 3571; x_wconf 78' lang='grc' dir='ltr'>ἱμάτιον</span> 
     </span>
     <span class='ocr_line' id='line_1_24' title="bbox 177 3588 1291 3672; baseline 0.002 -23"><span class='ocrx_word' id='word_1_204' title='bbox 177 3592 300 3672; x_wconf 87' lang='grc' dir='ltr'>κατέχων</span> <span class='ocrx_word' id='word_1_205' title='bbox 323 3593 354 3649; x_wconf 87' lang='grc' dir='ltr'>τὸ</span> <span class='ocrx_word' id='word_1_206' title='bbox 380 3588 497 3669; x_wconf 77' lang='grc' dir='ltr'>βιὸλίον,</span> <span class='ocrx_word' id='word_1_207' title='bbox 522 3593 568 3649; x_wconf 89' lang='grc' dir='ltr'>καὶ</span> <span class='ocrx_word' id='word_1_208' title='bbox 591 3591 749 3671; x_wconf 75' lang='grc' dir='ltr'>ἠναγκάσθη</span> <span class='ocrx_word' id='word_1_209' title='bbox 776 3592 826 3648; x_wconf 83' lang='grc' dir='ltr'>ὑπὸ</span> <span class='ocrx_word' id='word_1_210' title='bbox 849 3596 897 3648; x_wconf 79' lang='grc' dir='ltr'>τοῦ</span> <span class='ocrx_word' id='word_1_211' title='bbox 922 3593 1089 3672; x_wconf 86' lang='grc' dir='ltr'>Σωκράτους,</span> <span class='ocrx_word' id='word_1_212' title='bbox 1117 3591 1291 3672; x_wconf 77' lang='grc' dir='ltr'>ἐρωτώμενος</span> 
     </span>
    </p>
   </div>
   <div class='ocr_carea' id='block_1_8' title="bbox 114 3680 1290 3770">
    <p class='ocr_par' dir='ltr' id='par_1_11' title="bbox 114 3680 1290 3770">
     <span class='ocr_line' id='line_1_25' title="bbox 114 3680 1290 3770; baseline 0.003 -26"><span class='ocrx_word' id='word_1_213' title='bbox 114 3700 147 3752; x_wconf 79' lang='lat'>20</span> <span class='ocrx_word' id='word_1_214' title='bbox 177 3688 276 3748; x_wconf 85' lang='grc' dir='ltr'>πόθεν</span> <span class='ocrx_word' id='word_1_215' title='bbox 299 3711 334 3748; x_wconf 87' lang='grc' dir='ltr'>τε</span> <span class='ocrx_word' id='word_1_216' title='bbox 356 3687 466 3770; x_wconf 82' lang='grc' dir='ltr'>ἔρχεται</span> <span class='ocrx_word' id='word_1_217' title='bbox 485 3689 531 3746; x_wconf 85' lang='grc' dir='ltr'>καὶ</span> <span class='ocrx_word' id='word_1_218' title='bbox 552 3695 609 3747; x_wconf 87' lang='grc' dir='ltr'>ποῖ</span> <span class='ocrx_word' id='word_1_219' title='bbox 631 3688 746 3763; x_wconf 77' lang='grc' dir='ltr'>ἄπεισιν,</span> <span class='ocrx_word' id='word_1_220' title='bbox 768 3689 922 3768; x_wconf 84' lang='grc' dir='ltr'>ἀναγνῶναι</span> <span class='ocrx_word' id='word_1_221' title='bbox 942 3691 988 3747; x_wconf 87' lang='grc' dir='ltr'>τὸν</span> <span class='ocrx_word' id='word_1_222' title='bbox 1011 3689 1094 3769; x_wconf 88' lang='grc' dir='ltr'>λόγον</span> <span class='ocrx_word' id='word_1_223' title='bbox 1113 3683 1164 3756; x_wconf 79' lang='grc' dir='ltr'>ἔξω</span> <span class='ocrx_word' id='word_1_224' title='bbox 1182 3680 1290 3755; x_wconf 85' lang='grc' dir='ltr'>πόλεως</span> 
     </span>
    </p>
   </div>
   <div class='ocr_carea' id='block_1_9' title="bbox 207 3866 1288 3992">
    <p class='ocr_par' dir='ltr' id='par_1_12' title="bbox 207 3866 1288 3992">
     <span class='ocr_line' id='line_1_26' title="bbox 207 3866 1288 3932; baseline 0.001 -11"><span class='ocrx_word' id='word_1_225' title='bbox 207 3869 239 3922; x_wconf 82' lang='lat'>12</span> <span class='ocrx_word' id='word_1_226' title='bbox 252 3870 288 3920; x_wconf 86' lang='grc' dir='ltr'>οΙ.</span> <span class='ocrx_word' id='word_1_227' title='bbox 306 3869 427 3919; x_wconf 77' lang='lat' dir='ltr'>Platonis</span> <span class='ocrx_word' id='word_1_228' title='bbox 445 3867 555 3919; x_wconf 83' lang='lat' dir='ltr'><strong>Phaedri</strong></span> <span class='ocrx_word' id='word_1_229' title='bbox 571 3881 597 3932; x_wconf 89' lang='lat' dir='ltr'>p.</span> <span class='ocrx_word' id='word_1_230' title='bbox 612 3866 693 3918; x_wconf 80' lang='lat'><strong>2270</strong></span> <span class='ocrx_word' id='word_1_231' title='bbox 755 3866 787 3920; x_wconf 84' lang='grc'><strong>13</strong></span> <span class='ocrx_word' id='word_1_232' title='bbox 802 3868 838 3918; x_wconf 87' lang='lat' dir='ltr'>ci.</span> <span class='ocrx_word' id='word_1_233' title='bbox 853 3867 898 3920; x_wconf 81' lang='lat'>231</span> <span class='ocrx_word' id='word_1_234' title='bbox 913 3869 948 3928; x_wconf 89' lang='lat' dir='ltr'>D,</span> <span class='ocrx_word' id='word_1_235' title='bbox 960 3869 1008 3921; x_wconf 73' lang='lat'>244</span> <span class='ocrx_word' id='word_1_236' title='bbox 1023 3873 1047 3920; x_wconf 81' lang='grc' dir='ltr'>Α</span> <span class='ocrx_word' id='word_1_237' title='bbox 1111 3870 1288 3922; x_wconf 82' lang='grc' dir='ltr'><strong>11ο1.2311)</strong></span> 
     </span>
     <span class='ocr_line' id='line_1_27' title="bbox 240 3938 612 3992; baseline -0.008 -1"><span class='ocrx_word' id='word_1_238' title='bbox 240 3940 420 3992; x_wconf 65' lang='lat' dir='ltr'><strong>maimo</strong></span> <span class='ocrx_word' id='word_1_239' title='bbox 485 3938 612 3990; x_wconf 76' lang='lat' dir='ltr'>20227A</span> 
     </span>
    </p>
   </div>
   <div class='ocr_carea' id='block_1_10' title="bbox 176 4054 1290 4695">
    <p class='ocr_par' dir='ltr' id='par_1_13' title="bbox 176 4054 1290 4695">
     <span class='ocr_line' id='line_1_28' title="bbox 208 4054 1218 4118; baseline 0.003 -12"><span class='ocrx_word' id='word_1_240' title='bbox 208 4055 256 4106; x_wconf 81' lang='lat' dir='ltr'>Nc</span> <span class='ocrx_word' id='word_1_241' title='bbox 274 4055 382 4106; x_wconf 75' lang='lat' dir='ltr'><strong>Titulus</strong></span> <span class='ocrx_word' id='word_1_242' title='bbox 402 4055 485 4105; x_wconf 86' lang='lat' dir='ltr'>rubro</span> <span class='ocrx_word' id='word_1_243' title='bbox 506 4054 597 4106; x_wconf 81' lang='lat' dir='ltr'>colore</span> <span class='ocrx_word' id='word_1_244' title='bbox 611 4054 763 4118; x_wconf 75' lang='lat' dir='ltr'><strong>descriptus</strong></span> <span class='ocrx_word' id='word_1_245' title='bbox 781 4056 809 4106; x_wconf 91' lang='lat' dir='ltr'>in</span> <span class='ocrx_word' id='word_1_246' title='bbox 824 4060 848 4107; x_wconf 86' lang='lat' dir='ltr'>A</span> <span class='ocrx_word' id='word_1_247' title='bbox 912 4058 1120 4110; x_wconf 86' lang='grc' dir='ltr'>ΠΡΟΟΙΜΙΟΝ</span> <span class='ocrx_word' id='word_1_248' title='bbox 1137 4059 1218 4109; x_wconf 87' lang='lat' dir='ltr'><strong>addid</strong></span> 
     </span>
     <span class='ocr_line' id='line_1_29' title="bbox 176 4126 1228 4202; baseline 0.007 -27"><span class='ocrx_word' id='word_1_249' title='bbox 176 4127 191 4175; x_wconf 90' lang='lat'><strong>5</strong></span> <span class='ocrx_word' id='word_1_250' title='bbox 207 4128 326 4202; x_wconf 76' lang='grc' dir='ltr'>ῥητορικῇ</span> <span class='ocrx_word' id='word_1_251' title='bbox 341 4127 372 4178; x_wconf 78' lang='lat' dir='ltr'>C’</span> <span class='ocrx_word' id='word_1_252' title='bbox 387 4126 408 4176; x_wconf 86' lang='lat' dir='ltr'><strong>E</strong></span> <span class='ocrx_word' id='word_1_253' title='bbox 424 4129 451 4176; x_wconf 90' lang='lat' dir='ltr'>M</span> <span class='ocrx_word' id='word_1_254' title='bbox 470 4141 476 4174; x_wconf 90' lang='lat'>:</span> <span class='ocrx_word' id='word_1_255' title='bbox 498 4127 617 4194; x_wconf 84' lang='grc' dir='ltr'>ῥητορικῆ</span> <span class='ocrx_word' id='word_1_256' title='bbox 632 4129 654 4176; x_wconf 90' lang='grc' dir='ltr'>Α</span> <span class='ocrx_word' id='word_1_257' title='bbox 674 4135 706 4176; x_wconf 77' lang='lat' dir='ltr'>ut</span> <span class='ocrx_word' id='word_1_258' title='bbox 721 4127 777 4176; x_wconf 84' lang='lat' dir='ltr'><strong>vid.</strong></span> <span class='ocrx_word' id='word_1_259' title='bbox 793 4142 799 4176; x_wconf 88' lang='lat'>:</span> <span class='ocrx_word' id='word_1_260' title='bbox 818 4128 935 4195; x_wconf 84' lang='grc' dir='ltr'>ῥητορικὴ</span> <span class='ocrx_word' id='word_1_261' title='bbox 951 4129 979 4178; x_wconf 76' lang='lat' dir='ltr'>C&#39;</span> <span class='ocrx_word' id='word_1_262' title='bbox 996 4131 1020 4180; x_wconf 90' lang='lat' dir='ltr'>D</span> <span class='ocrx_word' id='word_1_263' title='bbox 1036 4144 1042 4180; x_wconf 73' lang='grc' dir='ltr'>ἱ</span> <span class='ocrx_word' id='word_1_264' title='bbox 1066 4130 1197 4198; x_wconf 80' lang='grc' dir='ltr'>ῥητορικὴν</span> <span class='ocrx_word' id='word_1_265' title='bbox 1212 4145 1228 4181; x_wconf 85' lang='lat' dir='ltr'>a</span> 
     </span>
     <span class='ocr_line' id='line_1_30' title="bbox 177 4193 1287 4270; baseline 0.004 -19"><span class='ocrx_word' id='word_1_266' title='bbox 177 4199 339 4263; x_wconf 81' lang='grc' dir='ltr'>έπτοημίνον]</span> <span class='ocrx_word' id='word_1_267' title='bbox 368 4193 536 4265; x_wconf 80' lang='grc' dir='ltr'>τερποόμενον</span> <span class='ocrx_word' id='word_1_268' title='bbox 559 4210 597 4247; x_wconf 82' lang='lat' dir='ltr'>a:</span> <span class='ocrx_word' id='word_1_269' title='bbox 624 4198 653 4247; x_wconf 85' lang='lat' dir='ltr'>in</span> <span class='ocrx_word' id='word_1_270' title='bbox 682 4198 805 4264; x_wconf 79' lang='lat' dir='ltr'>margine</span> <span class='ocrx_word' id='word_1_271' title='bbox 834 4199 1060 4267; x_wconf 72' lang='grc' dir='ltr'>προτετραμίμένον</span> <span class='ocrx_word' id='word_1_272' title='bbox 1084 4214 1100 4250; x_wconf 83' lang='lat' dir='ltr'>a</span> <span class='ocrx_word' id='word_1_273' title='bbox 1162 4201 1176 4251; x_wconf 82' lang='lat'><strong>7</strong></span> <span class='ocrx_word' id='word_1_274' title='bbox 1204 4203 1287 4270; x_wconf 85' lang='grc' dir='ltr'>χεῖρα]</span> 
     </span>
     <span class='ocr_line' id='line_1_31' title="bbox 178 4268 1288 4337; baseline 0.002 -17"><span class='ocrx_word' id='word_1_275' title='bbox 178 4274 263 4337; x_wconf 83' lang='grc' dir='ltr'>χεῖρας</span> <span class='ocrx_word' id='word_1_276' title='bbox 283 4271 310 4318; x_wconf 88' lang='grc' dir='ltr'><strong>Μ</strong></span> <span class='ocrx_word' id='word_1_277' title='bbox 376 4269 392 4320; x_wconf 87' lang='grc'>8</span> <span class='ocrx_word' id='word_1_278' title='bbox 410 4272 468 4333; x_wconf 80' lang='grc' dir='ltr'>ἡμῖν</span> <span class='ocrx_word' id='word_1_279' title='bbox 488 4281 543 4319; x_wconf 89' lang='lat' dir='ltr'>om.</span> <span class='ocrx_word' id='word_1_280' title='bbox 567 4268 697 4319; x_wconf 76' lang='lat' dir='ltr'><strong>BCC¹FM</strong></span> <span class='ocrx_word' id='word_1_281' title='bbox 762 4271 840 4336; x_wconf 73' lang='grc' dir='ltr'>ὀρέξει</span> <span class='ocrx_word' id='word_1_282' title='bbox 859 4269 949 4333; x_wconf 79' lang='lat' dir='ltr'><strong>quis?</strong></span> <span class='ocrx_word' id='word_1_283' title='bbox 972 4271 1140 4323; x_wconf 79' lang='lat' dir='ltr'><strong>desideratur</strong></span> <span class='ocrx_word' id='word_1_284' title='bbox 1161 4274 1288 4324; x_wconf 73' lang='lat' dir='ltr'><strong>substan-</strong></span> 
     </span>
     <span class='ocr_line' id='line_1_32' title="bbox 177 4339 1289 4409; baseline 0.004 -18"><span class='ocrx_word' id='word_1_285' title='bbox 177 4340 264 4392; x_wconf 79' lang='lat' dir='ltr'><strong>tivum</strong></span> <span class='ocrx_word' id='word_1_286' title='bbox 329 4340 359 4390; x_wconf 84' lang='grc'><strong>13</strong></span> <span class='ocrx_word' id='word_1_287' title='bbox 377 4341 506 4390; x_wconf 83' lang='lat' dir='ltr'><strong>lacunam</strong></span> <span class='ocrx_word' id='word_1_288' title='bbox 521 4339 648 4404; x_wconf 81' lang='lat' dir='ltr'><strong>signavi:</strong></span> <span class='ocrx_word' id='word_1_289' title='bbox 669 4340 839 4392; x_wconf 77' lang='lat' dir='ltr'><strong>desideratur</strong></span> <span class='ocrx_word' id='word_1_290' title='bbox 854 4342 928 4391; x_wconf 78' lang='lat' dir='ltr'><strong>enim</strong></span> <span class='ocrx_word' id='word_1_291' title='bbox 948 4355 999 4392; x_wconf 81' lang='lat' dir='ltr'>vox</span> <span class='ocrx_word' id='word_1_292' title='bbox 1017 4344 1144 4407; x_wconf 84' lang='lat' dir='ltr'><strong>quaedam</strong></span> <span class='ocrx_word' id='word_1_293' title='bbox 1158 4345 1192 4395; x_wconf 84' lang='lat' dir='ltr'>ad</span> <span class='ocrx_word' id='word_1_294' title='bbox 1206 4359 1289 4409; x_wconf 80' lang='lat' dir='ltr'><strong>quam</strong></span> 
     </span>
     <span class='ocr_line' id='line_1_33' title="bbox 178 4409 1289 4480; baseline 0.003 -17"><span class='ocrx_word' id='word_1_295' title='bbox 178 4412 252 4463; x_wconf 72' lang='grc' dir='ltr'>αὐτόν</span> <span class='ocrx_word' id='word_1_296' title='bbox 268 4411 370 4462; x_wconf 74' lang='lat' dir='ltr'><strong>referas</strong></span> <span class='ocrx_word' id='word_1_297' title='bbox 449 4411 480 4462; x_wconf 83' lang='lat'>15</span> <span class='ocrx_word' id='word_1_298' title='bbox 499 4409 641 4476; x_wconf 75' lang='grc' dir='ltr'>φευκτέονθ</span> <span class='ocrx_word' id='word_1_299' title='bbox 722 4412 783 4476; x_wconf 75' lang='grc' dir='ltr'>μετὰ</span> <span class='ocrx_word' id='word_1_300' title='bbox 800 4411 840 4475; x_wconf 86' lang='grc' dir='ltr'>τδ]</span> <span class='ocrx_word' id='word_1_301' title='bbox 862 4411 895 4476; x_wconf 82' lang='grc' dir='ltr'>μὴ</span> <span class='ocrx_word' id='word_1_302' title='bbox 911 4412 940 4460; x_wconf 89' lang='grc' dir='ltr'><strong>Μ</strong></span> <span class='ocrx_word' id='word_1_303' title='bbox 959 4420 1015 4464; x_wconf 76' lang='lat' dir='ltr'>eta</span> <span class='ocrx_word' id='word_1_304' title='bbox 1088 4413 1119 4466; x_wconf 89' lang='grc'>16</span> <span class='ocrx_word' id='word_1_305' title='bbox 1133 4415 1198 4480; x_wconf 83' lang='grc' dir='ltr'>δίον]</span> <span class='ocrx_word' id='word_1_306' title='bbox 1214 4415 1289 4467; x_wconf 66' lang='lat' dir='ltr'><strong>actv?</strong></span> 
     </span>
     <span class='ocr_line' id='line_1_34' title="bbox 239 4483 1289 4550; baseline 0.004 -16"><span class='ocrx_word' id='word_1_307' title='bbox 239 4484 269 4534; x_wconf 88' lang='grc'>17</span> <span class='ocrx_word' id='word_1_308' title='bbox 282 4483 413 4548; x_wconf 79' lang='lat' dir='ltr'><strong>intellege</strong></span> <span class='ocrx_word' id='word_1_309' title='bbox 429 4485 584 4547; x_wconf 76' lang='grc' dir='ltr'>&lt;μᾶλλον&gt;</span> <span class='ocrx_word' id='word_1_310' title='bbox 600 4486 743 4550; x_wconf 80' lang='grc' dir='ltr'>χαρίζεσθαι</span> <span class='ocrx_word' id='word_1_311' title='bbox 760 4498 766 4532; x_wconf 88' lang='lat'>:</span> <span class='ocrx_word' id='word_1_312' title='bbox 786 4483 822 4534; x_wconf 80' lang='lat' dir='ltr'>ci.</span> <span class='ocrx_word' id='word_1_313' title='bbox 839 4483 925 4547; x_wconf 78' lang='lat'>22,18</span> <span class='ocrx_word' id='word_1_314' title='bbox 987 4486 1017 4536; x_wconf 80' lang='lat'>18</span> <span class='ocrx_word' id='word_1_315' title='bbox 1034 4490 1077 4538; x_wconf 84' lang='grc' dir='ltr'>καί</span> <span class='ocrx_word' id='word_1_316' title='bbox 1091 4501 1145 4538; x_wconf 89' lang='lat' dir='ltr'>om.</span> <span class='ocrx_word' id='word_1_317' title='bbox 1162 4488 1190 4538; x_wconf 91' lang='lat' dir='ltr'>M</span> <span class='ocrx_word' id='word_1_318' title='bbox 1207 4491 1230 4550; x_wconf 79' lang='grc' dir='ltr'>1ο</span> <span class='ocrx_word' id='word_1_319' title='bbox 1242 4487 1289 4538; x_wconf 72' lang='lat' dir='ltr'>ad-</span> 
     </span>
     <span class='ocr_line' id='line_1_35' title="bbox 177 4554 1290 4629; baseline 0.005 -24"><span class='ocrx_word' id='word_1_320' title='bbox 177 4555 300 4605; x_wconf 85' lang='lat' dir='ltr'>dendum</span> <span class='ocrx_word' id='word_1_321' title='bbox 318 4554 427 4604; x_wconf 79' lang='lat' dir='ltr'><strong>videtur</strong></span> <span class='ocrx_word' id='word_1_322' title='bbox 445 4557 517 4606; x_wconf 81' lang='grc' dir='ltr'>καὶυ</span> <span class='ocrx_word' id='word_1_323' title='bbox 536 4556 603 4618; x_wconf 66' lang='lat' dir='ltr'>Asi)</span> <span class='ocrx_word' id='word_1_324' title='bbox 666 4554 735 4606; x_wconf 86' lang='lat' dir='ltr'><strong>ialso</strong></span> <span class='ocrx_word' id='word_1_325' title='bbox 754 4554 870 4607; x_wconf 74' lang='lat' dir='ltr'><strong>Rumn</strong></span> <span class='ocrx_word' id='word_1_326' title='bbox 888 4565 923 4623; x_wconf 80' lang='grc' dir='ltr'>τῷ</span> <span class='ocrx_word' id='word_1_327' title='bbox 943 4557 1071 4625; x_wconf 77' lang='grc' dir='ltr'>Σωκράτει</span> <span class='ocrx_word' id='word_1_328' title='bbox 1090 4560 1148 4621; x_wconf 72' lang='lat' dir='ltr'><strong>(sed</strong></span> <span class='ocrx_word' id='word_1_329' title='bbox 1165 4569 1200 4629; x_wconf 81' lang='grc' dir='ltr'>τῷ</span> <span class='ocrx_word' id='word_1_330' title='bbox 1219 4560 1248 4611; x_wconf 88' lang='lat' dir='ltr'>in</span> <span class='ocrx_word' id='word_1_331' title='bbox 1268 4560 1290 4611; x_wconf 81' lang='lat' dir='ltr'>E</span> 
     </span>
     <span class='ocr_line' id='line_1_36' title="bbox 177 4626 731 4695; baseline 0 -18"><span class='ocrx_word' id='word_1_332' title='bbox 177 4627 285 4693; x_wconf 77' lang='lat' dir='ltr'><strong>legitur)</strong></span> <span class='ocrx_word' id='word_1_333' title='bbox 349 4627 410 4677; x_wconf 75' lang='lat' dir='ltr'>tort.</span> <span class='ocrx_word' id='word_1_334' title='bbox 425 4636 461 4695; x_wconf 76' lang='grc' dir='ltr'>τῷ</span> <span class='ocrx_word' id='word_1_335' title='bbox 478 4629 567 4693; x_wconf 81' lang='grc' dir='ltr'>ίματίῳ</span> <span class='ocrx_word' id='word_1_336' title='bbox 581 4626 644 4678; x_wconf 81' lang='lat' dir='ltr'>coll.</span> <span class='ocrx_word' id='word_1_337' title='bbox 661 4626 731 4677; x_wconf 75' lang='lat' dir='ltr'><strong>Piat.</strong></span> 
     </span>
    </p>
   </div>
   <div class='ocr_carea' id='block_1_11' title="bbox 243 4728 1165 4779">
    <p class='ocr_par' dir='ltr' id='par_1_14' title="bbox 243 4728 1165 4779">
     <span class='ocr_line' id='line_1_37' title="bbox 243 4728 1165 4779; baseline 0 0"><span class='ocrx_word' id='word_1_338' title='bbox 243 4728 412 4779; x_wconf 72' lang='grc' dir='ltr'>Οουνπιιυιυ</span> <span class='ocrx_word' id='word_1_339' title='bbox 1152 4728 1165 4779; x_wconf 95' lang='grc'><strong>1</strong></span> 
     </span>
    </p>
   </div>
   <div class='ocr_carea' id='block_1_12' title="bbox 0 0 1628 5512">
    <p class='ocr_par' dir='ltr' id='par_1_15' title="bbox 0 0 1628 5512">
     <span class='ocr_line' id='line_1_38' title="bbox 0 0 1628 5512; baseline 0 0"><span class='ocrx_word' id='word_1_340' title='bbox 0 0 1628 5512; x_wconf 95' lang='lat' dir='ltr'> </span> 
     </span>
    </p>
   </div>
  </div>
 </body>
</html>
