3248 5512
366 517 381 566 6
748 509 889 562 ΕΡΜΕΙΟΥ
908 509 1102 561 ΦΙΛΟΣΟΦΟΥ

293 665 343 732 [611
369 659 418 732 μὲν
437 659 484 717 ίνα
498 660 641 739 παραμένῃ
662 662 697 732 ἢν
717 657 832 718 δέδωκεν
852 661 926 736 αὑτῷ
947 662 1090 742 ἐρωτικὴν,
1106 661 1191 734 Λυσίᾳ
1206 660 1234 718 δὲ
1247 663 1293 718 καὶ
1306 659 1419 740 Φαίδρῳ
1433 662 1480 719 ίνα

367 760 406 822 είς
422 756 584 840 φιλοσοφίαν
606 760 756 838 τρέποιντο.
781 762 830 817 Καὶ
850 753 921 826 ἀξιοῖ
941 761 988 818 τόν
1009 760 1128 838 Φαῖδρον
1147 768 1240 818 πεῖσαι
1260 763 1358 818 Λυσίαν
1378 761 1425 818 ίνα
1440 763 1480 827 εἷς

368 857 524 914 τοὺναντίον
547 858 650 936 γράψῃ·
676 859 690 914 ό
714 856 742 914 δέ
767 881 833 939 φησι
860 861 898 935 μή
926 858 957 917 ἀν
981 859 1129 932 ἐθελήσειν,
1152 858 1243 932 ἐπειδή
1269 882 1309 925 τις
1334 855 1479 940 ἔναγχος

369 954 507 1014 ὠνείδισεν
520 957 592 1030 αὑτῷ
606 956 699 1014 καλεῖιν
715 954 930 1038 λογογράφον
946 958 1038 1016 αὑτόν·
1054 960 1069 1015 δ
1085 957 1113 1016 δέ
1128 981 1194 1039 φησι
1210 960 1248 1034 μή
1265 956 1360 1022 άπλώς
1377 957 1481 1024 όνειδυς

323 1062 337 1110 5
370 1056 439 1113 είναι
461 1056 492 1112 τό
516 1056 627 1135 γράφειν
656 1052 768 1134 λόγους,
794 1054 867 1114 ἀλλά
890 1057 921 1114 τὸ
943 1063 1034 1122 κακῶς
1058 1058 1181 1137 γράφειν·
1207 1058 1238 1114 τό
1263 1054 1291 1114 δὲ
1317 1055 1410 1121 καλῶς
1431 1057 1482 1113 οὑκ

370 1151 482 1219 άνειδος.
506 1155 555 1211 Καὶ
570 1154 657 1219 οὑτως
673 1153 859 1235 ἐπεισέρχεται
880 1156 894 1212 ὑ
912 1156 975 1236 περὶ
997 1163 1047 1227 τῆς
1063 1157 1209 1235 ῥητορικῆς
1224 1155 1320 1235 λόγος.
1343 1156 1373 1213 Τί
1387 1155 1434 1214 οὑν
1449 1159 1481 1214 τό

371 1251 462 1316 καλῶς
487 1253 600 1333 γράφειν
621 1254 666 1311 καί
689 1252 777 1332 λέγειν
801 1247 862 1326 ἑξῆς
883 1258 970 1333 ζητεῖ,
992 1255 1037 1312 καί
1058 1278 1123 1335 φησι
1144 1261 1224 1313 τοῦτο
1247 1257 1316 1313 είναι
1337 1258 1367 1313 τὸ
1389 1257 1482 1322 καλῶς

370 1352 491 1431 γράφειν,
508 1350 570 1408 όταν
585 1374 626 1416 τις
643 1350 721 1416 είδὼς
735 1353 785 1423 τήν
800 1352 930 1424 ἀλήθειαν
944 1357 992 1413 τοὺ
1006 1353 1166 1432 πράγματος
1180 1354 1272 1434 γράφῃ
1293 1376 1322 1411 τε
1337 1355 1381 1410 καί
1397 1353 1479 1434 λέγῃ.

373 1448 400 1506 '0
422 1448 450 1506 δέ
471 1447 589 1529 Φαῖδρος
610 1448 642 1507 οὑ
663 1473 743 1530 φησιν
758 1451 845 1515 οὑτως
864 1452 1017 1524 ἀκηκοέναι,
1041 1450 1115 1509 ἀλλά
1136 1451 1256 1524 ἐκείνως,
1280 1451 1322 1508 ότι
1343 1450 1419 1509 οὑδέν
1440 1449 1483 1508 δεῖ

310 1553 341 1603 10
372 1548 422 1617 τήν
437 1547 569 1620 ἀλήθειαν
585 1546 692 1623 εἰδέναι,
709 1547 782 1605 ἀλλά
794 1551 845 1619 τήν
860 1547 970 1619 δόκησιν
985 1557 1033 1620 τῆς
1047 1549 1189 1624 ἀληθείας,
1206 1550 1222 1605 ό
1237 1549 1292 1605 ἐστι
1307 1550 1337 1606 τὸ
1356 1549 1480 1608 πιθανόν.

372 1647 421 1703 Καὶ
442 1648 494 1717 τήν
515 1647 626 1704 ἀτοπίαν
647 1653 695 1704 τοὺ
717 1648 867 1726 λεγομένου
888 1646 1062 1705 ἐπιδείκνυσιν
1082 1650 1096 1704 ὑ
1113 1647 1259 1726 Σωκράτης
1275 1647 1318 1704 ἐπὶ
1337 1652 1384 1704 τοὺ
1398 1647 1484 1703 ’ίππου

372 1746 417 1801 καὶ
440 1743 512 1818 όνοο,
528 1745 573 1800 καί
596 1744 659 1802 όταν
676 1747 713 1821 μὴ
735 1744 813 1810 εἰδώς
826 1766 867 1808 τις
890 1745 982 1803 αὑτοῖν
995 1747 1046 1816 τὴν
1070 1744 1199 1825 διαφοράν
1220 1746 1289 1825 λέγῃ
1305 1747 1373 1824 πρὸς
1391 1743 1484 1824 ἓτερον

373 1843 522 1922 ἀγνοοῦντα
535 1844 580 1900 καί
594 1845 674 1919 πείθῃ
691 1843 733 1901 ότι
747 1847 761 1900 ό
774 1842 835 1907 όνος
849 1843 933 1909 ’ίππυς
947 1844 984 1901 ίὺν
1000 1845 1139 1924 τυγχάνει.
1157 1851 1202 1902 Δεῖ
1216 1844 1263 1901 οὑν
1282 1846 1329 1902 τὸν
1346 1842 1485 1919 μέλλοντα

373 1942 467 2005 καλῶς
489 1942 600 2022 γράφειν
624 1939 723 1998 εἰδέναι
745 1943 795 2013 τὴν
816 1940 948 2013 ἀλήθειαν
967 1947 1023 1998 τῶν
1043 1942 1223 2021 πραγμάτων·
1247 1943 1292 1999 καί
1314 1941 1400 2004 οὑτως
1419 1940 1437 2011 ή
1456 1962 1486 1997 τε

314 2045 343 2097 15
376 2040 484 2112 ἀληθής
498 2039 544 2097 καί
563 2043 663 2112 <ἠ>
682 2038 814 2115 δημώδης
835 2037 987 2109 ἐξετάζεται
1002 2041 1144 2119 ῥητορικὴ,
1162 2043 1180 2112 ἢ
1197 2041 1246 2115 μέν
1265 2039 1395 2112 ἀληθείας
1415 2036 1487 2109 ἐπή-

375 2132 458 2201 όολος
471 2136 537 2194 οὖσα
551 2138 596 2195 καὶ
616 2138 753 2214 ἐπιστήμη
774 2136 885 2195 δικαίων
899 2138 945 2195 καί
962 2141 1000 2214 μή
1017 2137 1140 2211 δικαίων,
1156 2136 1317 2218 φιλοσοφίας
1329 2133 1428 2200 ὑπαδός
1440 2135 1486 2190 καί

378 2235 453 2310 μόνῳ
467 2239 640 2315 προσήκουσα
655 2236 808 2318 φιλοσόφῳ,
819 2235 899 2302 θεοῖς
909 2237 954 2294 καὶ
970 2236 1119 2315 ἀνθρώποις
1132 2234 1358 2315 κεχαρισμένα
1371 2238 1488 2290 ποιοῦσα

376 2333 421 2387 καὶ
438 2331 564 2411 λέγουσα·
587 2338 605 2407 ἡ
629 2333 657 2392 δέ
679 2333 811 2410 δημώδης
834 2334 1054 2415 ψυχαγωγίας
1070 2335 1141 2398 τινὸς
1160 2333 1205 2390 καὶ
1219 2334 1333 2414 χάριτος
1348 2333 1488 2410 ἀπεργασ-

378 2432 451 2505 τικὴ,
476 2432 617 2513 ἀτεχνός
641 2456 681 2499 τις
702 2434 768 2492 οὑσα
789 2431 886 2512 τριόή
910 2434 955 2491 καί
978 2435 1181 2509 ἀνεπιστήμων.
1204 2433 1269 2490 Είτα
1290 2432 1333 2489 ἐπὶ
1354 2431 1416 2494 τοὺς
1438 2430 1487 2493 τάς

317 2534 348 2586 2⁰
380 2529 522 2611 ῥητθρῑκᾶς
545 2531 642 2613 τίχναε
668 2535 823 2612 γράψαντας
848 2533 971 2612 τραπείς,
999 2530 1109 2611 ἐλέγχει
1136 2533 1171 2595 ὡς
1193 2530 1254 2610 περὶ
1278 2532 1316 2586 ὧν
1345 2528 1394 2586 οὑκ
1416 2526 1490 2583 ίσασι

379 2630 532 2710 γράφοντας
557 2630 600 2687 ἐπὶ
622 2636 656 2708 τῃ
680 2638 735 2689 τῶν
758 2634 825 2689 νέων
849 2633 951 2708 ἀπάτῃ·
978 2630 1158 2708 προοίμιον
1184 2629 1234 2708 γάρ
1260 2629 1305 2685 καί
1330 2625 1490 2704 διήγησιν

381 2727 677 2808 λέγουσι,τεκμήρια
690 2731 735 2786 καί
750 2731 877 2794 πίστεις
890 2726 1149 2808 τινάς,έλέγχους
1165 2748 1195 2783 τε
1208 2726 1254 2783 καί
1268 2724 1491 2805 παρεπαίνους

381 2826 426 2882 καί
452 2825 681 2900 ὑποδηλώσεις
707 2828 752 2884 καί
778 2828 1007 2908 παραψόγους·
1031 2827 1076 2883 καί
1099 2847 1177 2906 φασιν
1199 2825 1236 2888 ὡς
1260 2825 1315 2903 χρὴ
1344 2821 1405 2901 πρὸ
1425 2826 1490 2876 τῶν

382 2922 515 2997 ἀληθῶν
543 2933 598 2992 τοῖς
623 2927 707 2985 είκόσι
734 2930 863 3007 χρῆσθαι,
891 2927 927 2991 ὡς
951 2924 1038 2983 ἐδόκει
1061 2923 1162 3003 Γοργίᾳ
1185 2924 1229 2979 καὶ
1253 2922 1338 2993 Τισίᾳ·
1363 2920 1421 2978 εἶτα
1444 2918 1491 2975 καὶ

294 3039 319 3089 p.
337 3027 368 3080 62
384 3022 482 3080 Πώλου
494 3026 662 3099 μνημονεύει
679 3026 684 3105 1
702 3028 732 3089 ός
744 3023 1022 3102 διπλασιολογίαν
1037 3017 1492 3100 ᾤετο<καὶ>γνωμολογίαν

384 3124 560 3202 εὑρηκέναι...
577 3125 622 3181 καὶ
641 3129 689 3181 τοῦ
702 3123 891 3197 Χαλκηδονίου
912 3121 1094 3200 σεμνολογίας
1108 3122 1153 3178 καὶ
1175 3119 1285 3184 οίκτοος
1299 3120 1345 3176 καὶ
1359 3116 1491 3189 κηλήσεις

384 3222 429 3278 καὶ
451 3220 613 3302 ἐξοργήσεις·
640 3230 735 3288 κοινῶς
759 3222 787 3280 δὲ
813 3226 863 3294 τὴν
888 3219 1049 3280 ἐπάνοδον
1072 3221 1116 3277 καί
1138 3221 1250 3293 <τό>
1269 3218 1311 3275 ἐπὶ
1337 3214 1493 3297 κεφαλαίων

383 3319 503 3378 έκαστα
525 3323 714 3399 ὑπομνῆσαι
734 3322 810 3386 τοὺς
833 3321 1022 3386 ἀκοὺοντας.
1045 3326 1134 3377 Ταῦτα
1149 3317 1177 3377 δέ
1194 3339 1260 3400 φησι
1280 3317 1426 3396 ῥητορικῆς
1443 3313 1493 3389 μέν

415 3536 582 3588 τοιεετλ
644 3534 825 3586 sennem
889 3532 1049 3585 τοιαυτί)
1112 3518 1270 3581 eonem
1332 3525 1493 3576 νοεεουπ

446 3607 574 3659 1926013
637 3605 828 3657 τινοουιυ
890 3603 1189 3656 κτείνετε-τοτα
1252 3598 1431 3651 ει-ειιοτλ

384 3679 540 3803 ξξ22ἓ7ώίίίά
595 3678 625 3728 26
644 3680 818 3742 Χαλκηδονίων
844 3678 873 3739 (i.
899 3690 925 3727 e.
952 3675 1158 3740 Thrasymaohi)
1181 3670 1248 3723 ibid.
1272 3673 1310 3723 ct.
1335 3669 1381 3721 267
1401 3669 1425 3718 D

416 3875 487 3926 NC5
502 3873 576 3941 εἶναι]
591 3879 642 3927 ίστί
657 3876 685 3926 Μ
704 3876 762 3936 {sed
777 3872 841 3926 είναι
855 3875 882 3924 in
898 3873 1031 3938 margine)
1095 3869 1127 3920 10
1140 3871 1247 3922 ποθανίν
1262 3870 1287 3917 Α
1304 3871 1368 3916 ante
1384 3863 1495 3915 emend.

446 3946 476 3995 12
494 3949 536 3997 καί
555 3946 623 4011 όταν]
639 3951 672 4005 ὡς
687 3944 766 3996 ότσινί
829 3943 922 4009 αὑτοῖν]
938 3942 1014 4007 αὑτὴν
1029 3943 1069 3992 B:
1086 3941 1170 3993 αὑτοῖν
1185 3939 1366 4003 suprascripto
1380 3933 1433 3999 ὴΕ

384 4020 444 4082 λε’γη
458 4018 570 4082 scripsi:
585 4020 653 4084 λέγοι
671 4017 732 4066 libri
751 4016 812 4078 (sed
831 4036 844 4067 ο
863 4029 898 4066 ex
915 4015 1025 4064 emend.
1045 4014 1073 4063 in
1093 4015 1127 4074 Λ)
1190 4010 1220 4062 13
1237 4013 1308 4073 πείθῃ
1322 4008 1496 4071 scrips1eum

386 4076 778 4139 ΕιπείθοιΑΒΛετιπιίθιιΜ
844 4085 970 4138 οοωΜ
1033 4084 1064 4134 14
1083 4082 1175 4148 καλῶς]
1194 4091 1278 4141 κακῶς
1298 4067 1326 4131 Μ
1348 4079 1413 4142 (jam
1432 4091 1495 4128 eor·

385 4162 568 4222 rexeraeAsT)
633 4161 663 4210 15
687 4164 702 4223 ή
723 4165 787 4210 ante
799 4159 914 4223 δημώδης
936 4156 1027 4206 addidi
1089 4158 1203 4212 ἑπίθολος
1223 4154 1251 4203 Μ
1315 4152 1346 4201 16
1361 4148 1498 4213 ἐπιστήμης

385 4234 443 4280 Ass
505 4234 598 4291 ὀπαδὸς
613 4232 641 4282 Μ
657 4236 684 4282 et
705 4232 744 4281 sic
758 4244 883 4294 semper:
905 4229 1038 4278 rationem
1058 4225 1195 4277 scribendi
1210 4229 1320 4274 secutus
1335 4235 1397 4271 sum
1412 4233 1496 4283 quam

385 4302 495 4365 ubique,
518 4309 548 4353 ut
564 4304 668 4367 opinor,
689 4303 814 4354 consulto
835 4301 935 4352 codicis
957 4304 980 4349 Α
1002 4299 1127 4348 librarius
1147 4296 1267 4346 servavit
1328 4293 1358 4342 24
1378 4294 1420 4342 καὶ
1438 4297 1499 4354 post

385 4370 439 4423 είτα
451 4387 502 4423 om.
517 4375 544 4423 M
609 4375 736 4425 κοίλοισι
749 4373 771 4423 Β
784 4388 790 4421 3
802 4374 901 4424 Πόλλου
915 4371 935 4421 C
998 4372 1202 4433 διπλασιολογίαν
1214 4366 1309 4430 scripsi
1322 4364 1388 4414 coll.
1406 4362 1475 4413 Plat.
1490 4377 1496 4411 :

385 4447 532 4496 διπλασίονα
548 4445 609 4495 libri
673 4449 715 4497 καί
735 4451 795 4509 post
813 4443 874 4510 ᾤετο
893 4441 985 4492 addidi
1005 4454 1040 4490 ex
1062 4441 1176 4490 Platone
1238 4438 1269 4488 26
1288 4442 1348 4498 post
1366 4436 1498 4501 εὑρηκέναι

386 4516 482 4578 supple
492 4529 588 4567 voeem
603 4516 750 4581 quamdam
762 4516 806 4567 cui
822 4516 985 4579 σεμνολογίας
1000 4518 1050 4562 ete.
1062 4511 1164 4561 referas
1228 4509 1391 4573 σεμνολογίαν
1405 4505 1432 4553 Μ

385 4584 415 4634 27
429 4588 456 4636 τὸ
471 4586 562 4638 addidi
577 4601 610 4639 ex
636 4589 750 4641 Platone
812 4599 860 4652 pro
879 4587 918 4636 ίπί
932 4587 1072 4650 κεφαλαίων
1092 4583 1153 4632 fort.
1167 4578 1315 4644 legendum
1330 4580 1355 4627 ίν
1369 4577 1497 4641 κεφαλαίῳ

448 4657 649 4723 28μένοω.Μ
