3164 5512
348 491 401 544 ΕΙΣ
422 496 483 545 TON
506 495 683 568 ΠΛΑΤΩΝΟΣ
706 494 848 547 ΦΑΙΔΡΟΝ
871 495 993 550 ΣΧΟΛΙΑ
1036 571 1037 575 ¹
1187 502 1232 554 221

14 654 79 721 [1821
114 648 229 727 θερίζει·
248 671 263 701 »
283 647 328 703 καί
346 648 397 727 γάρ
417 649 443 704 οί
463 648 577 728 ῥήτορες
597 651 624 705 υί
644 650 715 706 οὕτω
735 646 970 727 δημηγοροῦντες,
987 647 1013 703 οἳ
1032 647 1082 721 μὲν
1099 639 1234 724 ἐξωστρα-
1312 640 1317 649 ’

112 745 253 816 κίσθησαν,
270 746 297 801 οί
310 743 339 802 δέ
353 744 467 826 ρυγάδες
481 746 616 824 ἐγένοντο.
635 753 717 804 Ποῖον
732 746 791 819 οῦν,
804 748 880 828 ρησί,
896 743 976 810 τέλος
993 745 1121 823 εὑρῆσθαι
1134 742 1234 813 ταύτης

113 851 164 914 τῆς
179 839 339 918 συμῦουλῆς
358 843 425 917 οίει;
443 879 481 889 -
497 845 537 900 06
555 845 638 901 πάνυ
657 845 854 924 γεέπιεικῆ·
875 844 994 901 τουτέστι
1011 841 1105 899 κακόν·
1127 842 1171 897 καί
1185 840 1236 920 γάρ
1297 853 1299 858 ’

113 941 160 998 καί
174 941 205 998 τὸ
219 940 326 1012 πλῆθος
345 943 391 998 καί
412 945 438 1000 οί
458 938 704 1018 συμόουλευόμενοι
724 944 762 1008 εἰς
782 943 885 1000 ἐκεῖνον
903 939 1090 1022 περιτρὲπουσι
1103 939 1137 996 τά
1152 941 1237 1018 ἁμαρ·
1345 972 1347 977 ,
1426 952 1429 957 “

67 1046 81 1094 5
114 1041 235 1114 τημστα.

156 1195 229 1274 ρλα’.
254 1194 323 1275 'Ap'
345 1195 399 1253 οῦν
421 1195 541 1277 ὦγαθέ]
564 1197 622 1254 260
645 1195 683 1254 D.

158 1341 246 1398 Είπὼν
260 1343 302 1399 ότι
315 1344 360 1399 καί
375 1344 480 1406 ἑαυτοῖς
495 1345 523 1399 οί.
536 1348 654 1400 τοιοῦτοι
669 1343 782 1422 ῥήτορες
795 1343 840 1399 καί
855 1348 889 1417 τῇ
905 1337 1145 1416 συμόουλευομὲνῃ
1159 1338 1240 1396 πόλει
1321 1381 1322 1385 ,

12 1437 187 1495 1⁸77V'm6
200 1446 382 1519 περιποιοῦσι,
401 1442 481 1522 ρησίν
498 1466 512 1496 ιι
529 1442 588 1521 ἀρα
603 1444 641 1515 μὴ
665 1443 670 1519 Ι
693 1440 932 1519 ἀγροικότερον
952 1436 1240 1519 λελοιδορῇκαμεν

116 1538 177 1607 την
194 1544 256 1595 τών
274 1537 381 1617 λόγων
396 1539 530 1620 τὲχνην;
549 1564 563 1595 ν
579 1537 702 1596 τοῦτοδὲ
718 1539 776 1596 εἶπε
793 1536 963 1616 βουλόμενος
978 1538 1023 1593 καὶ
1037 1536 1080 1594 ἐπὶ
1092 1538 1142 1607 τὴν
1157 1534 1242 1610 μέσην

55 1636 86 1687 10
119 1637 268 1715 ῥητορικὴν
284 1634 382 1694 ἐλθεῖν·
401 1638 461 1694 εἶπε
479 1638 530 1717 γὰρ
549 1635 604 1708 ἤδη
624 1639 673 1710 τήν
693 1636 827 1709 ἀληθινὴν
846 1638 890 1694 καί
908 1638 957 1707 τὴν
978 1633 1108 1717 δημώδη·
1126 1632 1243 1690 καθόλου

119 1737 171 1815 γάρ
186 1737 200 1791 6
216 1734 377 1817 ριλόσορος,
395 1736 458 1792 όταν
472 1739 533 1815 περὶ
546 1739 595 1808 τήν
608 1738 709 1808 νοητὴν
723 1736 814 1793 οῦσίαν
832 1736 976 1815 στρέφηται
992 1736 1038 1791 καί
1055 1736 1104 1805 την
1122 1732 1243 1811 θεωρίαν

118 1840 172 1890 τῶν
185 1839 291 1905 νοητῶν
304 1835 350 1890 καί
363 1839 410 1890 τοῦ
426 1841 495 1891 θεοῦ
509 1835 554 1891 καί
568 1834 599 1891 τὸ
614 1833 693 1909 όμμα
705 1842 756 1906 τῆς
773 1832 892 1898 διανοίας
905 1828 959 1914 ἔχῃ
975 1828 1160 1911 ἐστραμμένον
1176 1829 1242 1901 ίὶνιυ,

92 1919 97 1927 ’
120 1934 135 1988 6
151 1932 258 2012 πρῶτός
276 1930 330 1988 ἐστι
349 1930 510 2013 ριλόσορος·
530 1931 591 1988 όταν
610 1929 639 1988 δέ
657 1933 709 1988 ἀπὸ
727 1940 777 2003 τῆς
793 1932 860 1995 θέας
878 1929 984 2003 ἐκείνης
1000 1927 1120 2005 μετέλθῃ
1135 1930 1173 2006 είς
1189 1926 1245 1984 έπι-

122 2029 234 2104 μέλειαν
252 2038 302 2100 τῆς
319 2028 424 2094 πόλεως
442 2031 487 2086 καί
503 2031 572 2086 κατά
585 2032 635 2100 τήν
654 2030 720 2087 Βίαν
735 2029 848 2087 ἐκείνων
863 2027 997 2104 διακοσμῇ
1013 2029 1063 2099 τὴν
1078 2026 1167 2102 πόλιν,
1183 2025 1245 2081 τότε

58 2123 88 2175 15
121 2128 224 2206 γίνεται
237 2125 378 2192 πολιτικὸς
394 2127 551 2208 φιλόσοφος·
569 2127 630 2185 όταν
646 2126 674 2185 δέ
689 2130 703 2184 6
718 2133 841 2192 τοιοῦτος
855 2128 895 2191 είς
908 2127 938 2183 τὸ
952 2126 1043 2183 κοινόν
1059 2125 1160 2203 λόγους
1178 2124 1245 2180 ἀπο-

121 2226 208 2302 τείνῃ,
224 2226 322 2284 πείθων
340 2227 386 2283 τόν
405 2225 494 2301 δῆμον
513 2226 636 2305 πράττειν
654 2226 687 2282 τά
706 2223 810 2297 δέοντα,
831 2225 894 2282 τότε
916 2224 969 2282 έστί
989 2224 1082 2302 ῥητωρ
1101 2221 1244 2294 ἀληθινός·

122 2323 200 2389 είδώς
211 2324 263 2404 γάρ
274 2326 305 2383 τό
318 2325 418 2396 ἀληθὲς
433 2325 485 2381 ἀπὸ
500 2333 550 2396 τῆς
566 2326 630 2389 Βίας
645 2324 751 2396 ἐκείνης
762 2325 849 2382 πείθει
862 2323 957 2387 αῦτοῦς
971 2322 1004 2379 τά
1018 2322 1109 2393 ἀληθῆ
1127 2321 1248 2400 πράττειν
1268 2316 1270 2321 ⁴
1308 2383 1311 2389 ,

122 2425 168 2480 καί
183 2424 216 2480 ταί
231 2423 372 2504 πρόσφορα
391 2423 492 2487 αὐτοῖς·
514 2422 578 2480 όταν
592 2420 621 2479 δὲ
641 2426 678 2497 μὴ
695 2420 773 2487 είδὼς
792 2423 810 2493 ἢ
826 2420 909 2479 καλὸν
928 2423 946 2492 ἢ
964 2421 1076 2499 ἀγαθὸν,
1099 2415 1195 2486 δόξας
1216 2415 1249 2475 δὲ

123 2522 346 2602 τεθηρευκὼς,
365 2522 432 2601 πρὸς
452 2522 537 2586 πάθος
558 2529 664 2593 νοῆται,
685 2528 741 2585 τοῖς
761 2521 856 2599 λόγοις
877 2519 1040 2599 θεραπεύων
1057 2517 1090 2575 τά
1108 2518 1181 2588 πάθη
1201 2520 1249 2572 τοῦ

62 2625 93 2675 20
124 2621 260 2692 πλήθους,
276 2621 336 2678 τότε
351 2621 405 2677 έστί
420 2619 552 2695 δημώδης
569 2621 669 2700 ῥητωρ·
685 2620 748 2677 όταν
761 2618 789 2676 δὲ
803 2619 871 2698 πρὸς
888 2618 961 2689 πάθη
978 2615 1044 2695 λέγῃ
1060 2618 1107 2680 τὰς
1121 2614 1249 2693 δημηγο-

126 2720 198 2798 ρίας,
221 2720 265 2775 καί
287 2717 358 2793 μηδὲ
379 2719 519 2797 θεραπείῃ
540 2719 574 2774 τά
594 2719 666 2790 πάθη
688 2723 743 2775 τῶν
765 2717 899 2788 πολιτῶν,
921 2715 995 2774 ἀλλά
1015 2713 1084 2771 κατά
1103 2715 1134 2771 τὸ
1155 2711 1251 2770 δοκοῦν

127 2817 198 2895 αὑτῷ
210 2817 255 2873 καί
269 2819 283 2874 6
296 2817 404 2892 νομίζει
419 2818 497 2896 ὀρθὸν
508 2817 600 2895 ἀγάγῃ
615 2818 659 2873 καί
675 2814 718 2872 διά
729 2816 883 2896 συμμάχων
898 2812 943 2871 καὶ
953 2813 1108 2896 χρημάτων
1122 2815 1250 2890 περιποιῇ

127 2915 166 2979 ὡς
187 2912 274 2972 οίεται
290 2916 323 2971 τά
342 2915 429 2992 ἀγαθὰ
448 2921 482 2991 τῇ
502 2913 595 2987 πόλει,
611 2914 672 2972 τότε
689 2914 757 2971 ἐστίν
777 2916 791 2970 6
811 2915 892 2989 μέσος
912 2913 1014 2992 ῥητωρ,
1034 2913 1072 2968 ών
1090 2911 1192 2968 τίθεται
1205 2910 1251 2965 καί

127 3011 309 3087 θεμιστοκλέα
323 3014 368 3068 καὶ
384 3011 528 3093 Περικλέα,
543 3013 593 3070 οῦκ
607 3012 712 3069 ἐναντία
727 3010 816 3090 λέγων
830 3018 888 3075 τοῖς
904 3011 931 3068 ἐν
945 3009 1068 3090 Γοργίᾳ
1082 3008 1250 3088 εἰρημένοις.

28 3187 31 3192 ·
65 3169 96 3219 25
169 3161 244 3243 ρλβ’,
269 3161 563 3243 Λελοιδορῇκσμεν
584 3165 643 3233 τὴν
664 3169 729 3219 τῶν
752 3161 863 3241 λόγων
884 3158 1014 3241 τέχνην]
1037 3159 1095 3218 260
1117 3158 1156 3216 D.

171 3316 247 3392 Λέγει
258 3313 286 3371 δὲ
299 3317 349 3386 τήν
362 3311 479 3389 δημώδη
495 3314 648 3392 ῥητορικήν.
662 3313 696 3370 Τὸ
712 3312 771 3384 δἐἦ
789 3310 816 3369 δ’
833 3311 909 3377 ίσως
924 3311 960 3369 θν
975 3309 1074 3386 είποι,
1090 3314 1108 3382 ἡ
1122 3308 1253 3390 ῥητορικὴ

130 3410 267 3484 δηλονότι·
287 3411 438 3492 περιτίθησι
457 3417 490 3487 τῇ
510 3410 625 3487 ἀληθινῇ
646 3410 778 3490 ῥητορικῇ
795 3411 857 3475 τοῦς
876 3409 973 3489 λόγους
994 3411 1040 3467 καὶ
1060 3410 1110 3480 τὴν
1128 3407 1256 3486 δημηγο-

132 3507 203 3587 ρίαν,
225 3506 267 3565 διά
289 3517 338 3580 τῆς
360 3507 582 3589 προσωποποιίας
607 3508 796 3589 ἐμψυχότερον
816 3514 901 3564 ποιῶν
924 3507 970 3564 τόν
993 3507 1086 3585 λόγον·
1107 3506 1157 3563 οῦκ
1177 3506 1255 3585 ἀρκεῖ

132 3607 194 3687 γὰρ,
211 3609 287 3688 ρησί,
300 3612 396 3684 γνώσιν
410 3606 494 3682 μόνον
508 3602 584 3686 ἔχειν
599 3611 653 3661 τῶν
669 3607 848 3685 πραγμάτων,
865 3604 939 3663 ἀλλά
952 3594 992 3663 δεῖ
1006 3606 1052 3661 καί
1067 3600 1166 3684 τέχνην
1180 3601 1256 3684 ἔχειν

69 3722 101 3773 3ο
131 3710 267 3770 πειθοῦς
290 3703 505 3784 δημιουργόν
528 3706 558 3761 τὸ
579 3702 608 3760 δὲ
626 3707 735 3768 πειθοῦς
755 3702 923 3783 δημιουργὸν
944 3704 993 3761 οὐκ
1012 3701 1082 3760 ἴδιόν
1099 3702 1153 3759 ἐστι
1173 3701 1256 3779 ῥητο-

135 3812 224 3883 ρικῆς·
245 3803 367 3861 πείθουσι
382 3803 432 3883 γὰρ
446 3804 490 3859 καί
506 3806 532 3859 οί
548 3791 683 3882 τεχνῖται,
699 3803 833 3871 τέκτονες,
851 3803 975 3883 ῦράνται,
991 3803 1036 3857 καί
1051 3803 1077 3858 υί
1092 3801 1195 3875 όμοιοι,
1210 3800 1256 3856 καί

165 4028 238 4081 18-19
254 4032 327 4087 δόξας
342 4028 368 4079 δέ
379 4027 533 4093 τεθηρευκὼς
547 4026 593 4078 262
607 4025 629 4076 C
675 4024 707 4075 24
722 4022 940 4088 Gor9.45513a1.
990 4022 1021 4073 30
1034 4023 1070 4073 οί.
1083 4021 1166 4087 ὒοιμ.
1176 4022 1223 4072 453
1233 4024 1258 4073 Α

167 4153 214 4205 NG
235 4154 249 4205 l
269 4154 318 4220 γάρ
336 4165 391 4203 om.
413 4152 440 4201 M
506 4152 521 4202 2
543 4152 662 4219 εῦρᾶσθαι
681 4149 738 4199 AE¹
760 4152 804 4210 (ex
823 4154 936 4199 correct.
959 4147 1078 4215 εῦράσθαι
1096 4151 1130 4209 Α)
1196 4147 1210 4196 3
1233 4164 1261 4211 γε

135 4239 190 4276 om.
209 4225 276 4276 Plat.
301 4222 407 4274 cod.B
470 4219 556 4289 θόρ’,
578 4218 593 4272 ἆ
614 4221 689 4272 rubr.
710 4225 733 4271 Α
798 4214 918 4284 ώάγαθέ
940 4220 1010 4270 Plat.
1073 4216 1140 4270 8ad
1154 4217 1260 4270 calcem

137 4333 155 4384 μ
169 4332 214 4382 77v
231 4332 283 4383 hoo
296 4332 409 4383 schema
424 4330 498 4381 rubr·
514 4297 613 4420 6666

137 4433 234 4489 δέοντος
245 4431 315 4481 Ρίειί.
379 4430 407 4480 11
425 4428 516 4493 νοητὴν
529 4439 583 4478 om.
596 4427 624 4476 M
689 4427 720 4476 12
734 4427 804 4492 ὄμμα
818 4426 847 4476 in
858 4438 970 4490 mam
983 4439 989 4473 ε
1005 4425 1086 4489 ὄνομα
1098 4425 1183 4476 ceteri
1194 4423 1259 4487 (jam

136 4510 293 4554 correxerat
302 4505 370 4559 Αυτ)
434 4502 463 4551 1³
478 4498 544 4565 θέας]
559 4503 624 4557 θείας
640 4500 668 4549 Μ
735 4495 846 4572 μετέλθῃ]
856 4499 962 4574 κατέλθῃ
976 4500 1013 4546 A·
1047 4524 1049 4528 ν
1075 4496 1105 4561 11
1124 4494 1259 4559 έκείνηνίῗ)

200 4572 232 4624 18
252 4577 325 4631 δόξαν
348 4573 376 4622 Μ
441 4572 471 4621 19
494 4575 586 4622 νοεῖται
608 4574 634 4621 Α
696 4569 728 4620 22
752 4572 878 4635 περιποιεῖ
900 4571 923 4616 Α
987 4567 1017 4618 25
1039 4566 1277 4633 λελοιδορήκαμεν,

138 4644 241 4696 mbr.
259 4648 282 4694 Α
347 4643 379 4694 28
394 4645 568 4711 πρυσυεποιίας
587 4645 611 4691 Α
674 4642 703 4691 31
720 4643 828 4707 τεχνίται
843 4642 867 4688 Α

772 4329 808 4379 σί.
823 4326 879 4390 220,
891 4327 963 4378 15·16
1026 4329 1204 4394 ἀγροικότερον
1215 4330 1260 4377 τοῦ
