<?xml version="1.0" encoding="UTF-8"?>
<!DOCTYPE html PUBLIC "-//W3C//DTD XHTML 1.0 Transitional//EN"
    "http://www.w3.org/TR/xhtml1/DTD/xhtml1-transitional.dtd">
<html xmlns="http://www.w3.org/1999/xhtml" xml:lang="en" lang="en">
 <head>
  <title>
</title>
<meta http-equiv="Content-Type" content="text/html;charset=utf-8" />
  <meta name='ocr-system' content='tesseract 3.04.00' />
  <meta name='ocr-capabilities' content='ocr_page ocr_carea ocr_par ocr_line ocrx_word'/>
</head>
<body>
  <div class='ocr_page' id='page_1' title='image "./hermiaealexandr00alexgoog_0290.png"; bbox 0 0 3164 5512; ppageno 0'>
   <div class='ocr_carea' id='block_1_1' title="bbox 263 513 1280 584">
    <p class='ocr_par' dir='ltr' id='par_1_1' title="bbox 263 513 1280 584">
     <span class='ocr_line' id='line_1_1' title="bbox 263 513 1280 584; baseline 0.016 -20"><span class='ocrx_word' id='word_1_1' title='bbox 263 548 266 551; x_wconf 83' lang='lat'>.</span> <span class='ocrx_word' id='word_1_2' title='bbox 395 516 449 568; x_wconf 74' lang='grc' dir='ltr'>ειυ</span> <span class='ocrx_word' id='word_1_3' title='bbox 470 517 531 568; x_wconf 76' lang='grc' dir='ltr'>τοι</span> <span class='ocrx_word' id='word_1_4' title='bbox 554 518 730 570; x_wconf 72' lang='grc' dir='ltr'>ιιιιτονοι</span> <span class='ocrx_word' id='word_1_5' title='bbox 752 518 895 572; x_wconf 54' lang='lat' dir='ltr'><strong>mmor&lt;</strong></span> <span class='ocrx_word' id='word_1_6' title='bbox 920 520 1042 572; x_wconf 75' lang='grc' dir='ltr'>ιιοιιι</span> <span class='ocrx_word' id='word_1_7' title='bbox 1233 513 1280 584; x_wconf 80' lang='grc' dir='ltr'>ειο</span> 
     </span>
    </p>
   </div>
   <div class='ocr_carea' id='block_1_2' title="bbox 59 674 1278 1526">
    <p class='ocr_par' dir='ltr' id='par_1_2' title="bbox 59 674 1278 761">
     <span class='ocr_line' id='line_1_2' title="bbox 59 674 1278 761; baseline 0.002 -28"><span class='ocrx_word' id='word_1_8' title='bbox 59 680 123 749; x_wconf 76' lang='grc'><strong>[1811</strong></span> <span class='ocrx_word' id='word_1_9' title='bbox 156 674 256 757; x_wconf 87' lang='grc' dir='ltr'>όργανα</span> <span class='ocrx_word' id='word_1_10' title='bbox 269 683 317 734; x_wconf 84' lang='grc' dir='ltr'>τοῦ</span> <span class='ocrx_word' id='word_1_11' title='bbox 333 674 423 755; x_wconf 81' lang='grc' dir='ltr'>λέγειν</span> <span class='ocrx_word' id='word_1_12' title='bbox 438 697 466 734; x_wconf 87' lang='grc' dir='ltr'>τε</span> <span class='ocrx_word' id='word_1_13' title='bbox 480 677 525 733; x_wconf 86' lang='grc' dir='ltr'>καί</span> <span class='ocrx_word' id='word_1_14' title='bbox 540 677 689 758; x_wconf 85' lang='grc' dir='ltr'>γράφειν...</span> <span class='ocrx_word' id='word_1_15' title='bbox 708 677 762 756; x_wconf 86' lang='grc' dir='ltr'>[Ιρθ</span> <span class='ocrx_word' id='word_1_16' title='bbox 779 677 880 743; x_wconf 85' lang='grc' dir='ltr'>παντὸς</span> <span class='ocrx_word' id='word_1_17' title='bbox 897 676 994 737; x_wconf 80' lang='grc' dir='ltr'>είδέναι</span> <span class='ocrx_word' id='word_1_18' title='bbox 1011 679 1116 761; x_wconf 87' lang='grc' dir='ltr'>όφείλει</span> <span class='ocrx_word' id='word_1_19' title='bbox 1131 679 1181 749; x_wconf 78' lang='grc' dir='ltr'>τήν</span> <span class='ocrx_word' id='word_1_20' title='bbox 1201 679 1278 760; x_wconf 83' lang='grc' dir='ltr'>φόσιν</span> 
     </span>
    </p>

    <p class='ocr_par' dir='ltr' id='par_1_3' title="bbox 154 774 1276 857">
     <span class='ocr_line' id='line_1_3' title="bbox 154 774 1276 857; baseline 0.002 -25"><span class='ocrx_word' id='word_1_21' title='bbox 154 777 200 833; x_wconf 85' lang='grc' dir='ltr'>καί</span> <span class='ocrx_word' id='word_1_22' title='bbox 217 776 267 846; x_wconf 80' lang='grc' dir='ltr'>τήν</span> <span class='ocrx_word' id='word_1_23' title='bbox 289 774 382 832; x_wconf 87' lang='grc' dir='ltr'>οόσίαν</span> <span class='ocrx_word' id='word_1_24' title='bbox 399 780 448 833; x_wconf 90' lang='grc' dir='ltr'>τοῦ</span> <span class='ocrx_word' id='word_1_25' title='bbox 466 776 641 856; x_wconf 77' lang='grc' dir='ltr'>πράγματος,</span> <span class='ocrx_word' id='word_1_26' title='bbox 656 777 775 835; x_wconf 78' lang='grc' dir='ltr'>τουτέστι</span> <span class='ocrx_word' id='word_1_27' title='bbox 791 776 822 833; x_wconf 89' lang='grc' dir='ltr'>τό</span> <span class='ocrx_word' id='word_1_28' title='bbox 841 775 950 849; x_wconf 72' lang='grc' dir='ltr'>ἀληθὲς·</span> <span class='ocrx_word' id='word_1_29' title='bbox 972 778 1060 842; x_wconf 75' lang='grc' dir='ltr'>οὕτως</span> <span class='ocrx_word' id='word_1_30' title='bbox 1078 779 1128 857; x_wconf 79' lang='grc' dir='ltr'>γὰρ</span> <span class='ocrx_word' id='word_1_31' title='bbox 1150 776 1181 835; x_wconf 81' lang='grc' dir='ltr'>ἀν</span> <span class='ocrx_word' id='word_1_32' title='bbox 1195 779 1276 857; x_wconf 89' lang='grc' dir='ltr'>γνοίη</span> 
     </span>
    </p>

    <p class='ocr_par' dir='ltr' id='par_1_4' title="bbox 155 871 1277 955">
     <span class='ocr_line' id='line_1_4' title="bbox 155 871 1277 955; baseline 0.003 -25"><span class='ocrx_word' id='word_1_33' title='bbox 155 879 214 938; x_wconf 82' lang='grc' dir='ltr'>πῶς</span> <span class='ocrx_word' id='word_1_34' title='bbox 231 873 335 955; x_wconf 80' lang='grc' dir='ltr'>ὀφείλει</span> <span class='ocrx_word' id='word_1_35' title='bbox 349 871 469 945; x_wconf 75' lang='grc' dir='ltr'>ὁδεῦσαι,</span> <span class='ocrx_word' id='word_1_36' title='bbox 485 873 588 954; x_wconf 88' lang='grc' dir='ltr'>πότερα</span> <span class='ocrx_word' id='word_1_37' title='bbox 602 872 645 931; x_wconf 78' lang='grc' dir='ltr'>διὰ</span> <span class='ocrx_word' id='word_1_38' title='bbox 658 880 711 932; x_wconf 83' lang='grc' dir='ltr'>τῶν</span> <span class='ocrx_word' id='word_1_39' title='bbox 728 874 837 947; x_wconf 79' lang='grc' dir='ltr'>ἀληθῶν</span> <span class='ocrx_word' id='word_1_40' title='bbox 851 875 869 946; x_wconf 68' lang='grc' dir='ltr'><strong>ἢ</strong></span> <span class='ocrx_word' id='word_1_41' title='bbox 885 874 928 933; x_wconf 80' lang='grc' dir='ltr'>διδ</span> <span class='ocrx_word' id='word_1_42' title='bbox 946 881 1000 933; x_wconf 83' lang='grc' dir='ltr'>τῶν</span> <span class='ocrx_word' id='word_1_43' title='bbox 1017 875 1144 934; x_wconf 74' lang='grc' dir='ltr'>ἐοικότων</span> <span class='ocrx_word' id='word_1_44' title='bbox 1164 876 1246 954; x_wconf 79' lang='grc' dir='ltr'>αότῷ·</span> <span class='ocrx_word' id='word_1_45' title='bbox 1263 878 1277 933; x_wconf 89' lang='grc' dir='ltr'>ό</span> 
     </span>
    </p>

    <p class='ocr_par' dir='ltr' id='par_1_5' title="bbox 155 967 1277 1056">
     <span class='ocr_line' id='line_1_5' title="bbox 155 967 1277 1056; baseline 0.003 -28"><span class='ocrx_word' id='word_1_46' title='bbox 155 972 206 1053; x_wconf 81' lang='grc' dir='ltr'>γδρ</span> <span class='ocrx_word' id='word_1_47' title='bbox 220 974 258 1047; x_wconf 85' lang='grc' dir='ltr'><strong>μή</strong></span> <span class='ocrx_word' id='word_1_48' title='bbox 276 969 353 1037; x_wconf 83' lang='grc' dir='ltr'>είδὼς</span> <span class='ocrx_word' id='word_1_49' title='bbox 366 972 397 1028; x_wconf 91' lang='grc' dir='ltr'>τδ</span> <span class='ocrx_word' id='word_1_50' title='bbox 412 971 525 1044; x_wconf 74' lang='grc' dir='ltr'>ἀληθὲς,</span> <span class='ocrx_word' id='word_1_51' title='bbox 541 967 662 1041; x_wconf 74' lang='grc' dir='ltr'>δοξάζων</span> <span class='ocrx_word' id='word_1_52' title='bbox 676 971 715 1044; x_wconf 70' lang='grc' dir='ltr'>δἐ,</span> <span class='ocrx_word' id='word_1_53' title='bbox 732 974 771 1039; x_wconf 80' lang='grc' dir='ltr'>ὡς</span> <span class='ocrx_word' id='word_1_54' title='bbox 790 976 816 1030; x_wconf 87' lang='grc' dir='ltr'>οί</span> <span class='ocrx_word' id='word_1_55' title='bbox 835 976 884 1045; x_wconf 74' lang='grc' dir='ltr'>τῆν</span> <span class='ocrx_word' id='word_1_56' title='bbox 899 972 1017 1049; x_wconf 78' lang='grc' dir='ltr'>δημώδη</span> <span class='ocrx_word' id='word_1_57' title='bbox 1032 974 1180 1055; x_wconf 80' lang='grc' dir='ltr'>ῥητορικὴν</span> <span class='ocrx_word' id='word_1_58' title='bbox 1197 969 1277 1056; x_wconf 71' lang='grc' dir='ltr'>ἕχον-</span> 
     </span>
    </p>

    <p class='ocr_par' dir='ltr' id='par_1_6' title="bbox 107 1068 1277 1148">
     <span class='ocr_line' id='line_1_6' title="bbox 107 1068 1277 1148; baseline 0.003 -22"><span class='ocrx_word' id='word_1_59' title='bbox 107 1077 122 1126; x_wconf 82' lang='grc'>5</span> <span class='ocrx_word' id='word_1_60' title='bbox 153 1092 210 1147; x_wconf 88' lang='grc' dir='ltr'>τες,</span> <span class='ocrx_word' id='word_1_61' title='bbox 233 1068 418 1136; x_wconf 69' lang='grc' dir='ltr'>πολλάκιςτί</span> <span class='ocrx_word' id='word_1_62' title='bbox 440 1068 547 1128; x_wconf 73' lang='grc' dir='ltr'>ἐναντίοι</span> <span class='ocrx_word' id='word_1_63' title='bbox 567 1073 606 1127; x_wconf 81' lang='grc' dir='ltr'>ὧν</span> <span class='ocrx_word' id='word_1_64' title='bbox 628 1069 753 1148; x_wconf 71' lang='grc' dir='ltr'>βούλεται</span> <span class='ocrx_word' id='word_1_65' title='bbox 772 1071 861 1130; x_wconf 84' lang='grc' dir='ltr'>πείθει</span> <span class='ocrx_word' id='word_1_66' title='bbox 881 1072 944 1138; x_wconf 82' lang='grc' dir='ltr'>τοῦς</span> <span class='ocrx_word' id='word_1_67' title='bbox 964 1072 1122 1138; x_wconf 78' lang='grc' dir='ltr'>ἀκούοντας·</span> <span class='ocrx_word' id='word_1_68' title='bbox 1144 1074 1232 1139; x_wconf 88' lang='grc' dir='ltr'>οθτως</span> <span class='ocrx_word' id='word_1_69' title='bbox 1254 1074 1277 1131; x_wconf 87' lang='grc' dir='ltr'>εί</span> 
     </span>
    </p>

    <p class='ocr_par' dir='ltr' id='par_1_7' title="bbox 154 1168 1277 1253">
     <span class='ocr_line' id='line_1_7' title="bbox 154 1168 1277 1253; baseline 0 -26"><span class='ocrx_word' id='word_1_70' title='bbox 154 1172 216 1250; x_wconf 75' lang='grc' dir='ltr'>περὶ</span> <span class='ocrx_word' id='word_1_71' title='bbox 228 1169 327 1227; x_wconf 87' lang='grc' dir='ltr'>τοότου</span> <span class='ocrx_word' id='word_1_72' title='bbox 343 1168 473 1247; x_wconf 79' lang='grc' dir='ltr'>βούλεται</span> <span class='ocrx_word' id='word_1_73' title='bbox 483 1169 517 1226; x_wconf 86' lang='grc' dir='ltr'>τά</span> <span class='ocrx_word' id='word_1_74' title='bbox 532 1170 623 1227; x_wconf 86' lang='grc' dir='ltr'>είκότα</span> <span class='ocrx_word' id='word_1_75' title='bbox 635 1170 757 1232; x_wconf 82' lang='grc' dir='ltr'>εἰπεῖν...</span> <span class='ocrx_word' id='word_1_76' title='bbox 773 1172 898 1251; x_wconf 86' lang='grc' dir='ltr'>περὶτῆς</span> <span class='ocrx_word' id='word_1_77' title='bbox 912 1169 1057 1247; x_wconf 76' lang='grc' dir='ltr'>δημώδους</span> <span class='ocrx_word' id='word_1_78' title='bbox 1072 1172 1220 1253; x_wconf 79' lang='grc' dir='ltr'>ῥητορικῆς</span> <span class='ocrx_word' id='word_1_79' title='bbox 1236 1172 1277 1228; x_wconf 87' lang='grc' dir='ltr'>ότι</span> 
     </span>
    </p>

    <p class='ocr_par' dir='ltr' id='par_1_8' title="bbox 155 1265 1277 1352">
     <span class='ocr_line' id='line_1_8' title="bbox 155 1265 1277 1352; baseline 0.003 -28"><span class='ocrx_word' id='word_1_80' title='bbox 155 1267 186 1325; x_wconf 87' lang='grc' dir='ltr'>οό</span> <span class='ocrx_word' id='word_1_81' title='bbox 208 1265 260 1340; x_wconf 83' lang='grc' dir='ltr'>δεῖ,</span> <span class='ocrx_word' id='word_1_82' title='bbox 282 1269 358 1350; x_wconf 83' lang='grc' dir='ltr'>φησί,</span> <span class='ocrx_word' id='word_1_83' title='bbox 380 1268 411 1324; x_wconf 85' lang='grc' dir='ltr'>τὸ</span> <span class='ocrx_word' id='word_1_84' title='bbox 432 1266 529 1340; x_wconf 78' lang='grc' dir='ltr'>ἀληθὲς</span> <span class='ocrx_word' id='word_1_85' title='bbox 552 1265 658 1328; x_wconf 79' lang='grc' dir='ltr'>είδὲναι.</span> <span class='ocrx_word' id='word_1_86' title='bbox 684 1269 784 1325; x_wconf 74' lang='grc' dir='ltr'>λοιπόν</span> <span class='ocrx_word' id='word_1_87' title='bbox 802 1270 982 1349; x_wconf 76' lang='grc' dir='ltr'>παρατίθησιν</span> <span class='ocrx_word' id='word_1_88' title='bbox 1004 1271 1019 1326; x_wconf 87' lang='grc' dir='ltr'>δ</span> <span class='ocrx_word' id='word_1_89' title='bbox 1040 1269 1187 1352; x_wconf 87' lang='grc' dir='ltr'>φιλόσοφος</span> <span class='ocrx_word' id='word_1_90' title='bbox 1207 1271 1277 1327; x_wconf 89' lang='grc' dir='ltr'>πόσα</span> 
     </span>
    </p>

    <p class='ocr_par' dir='ltr' id='par_1_9' title="bbox 154 1365 1277 1526">
     <span class='ocr_line' id='line_1_9' title="bbox 155 1365 1277 1446; baseline 0.003 -23"><span class='ocrx_word' id='word_1_91' title='bbox 155 1366 240 1446; x_wconf 82' lang='grc' dir='ltr'>ἀγαθδι</span> <span class='ocrx_word' id='word_1_92' title='bbox 260 1366 313 1423; x_wconf 83' lang='grc' dir='ltr'>ἀπὸ</span> <span class='ocrx_word' id='word_1_93' title='bbox 331 1376 380 1439; x_wconf 90' lang='grc' dir='ltr'>τῆς</span> <span class='ocrx_word' id='word_1_94' title='bbox 401 1365 534 1439; x_wconf 79' lang='grc' dir='ltr'>ἀληθινῆς</span> <span class='ocrx_word' id='word_1_95' title='bbox 553 1366 712 1446; x_wconf 75' lang='grc' dir='ltr'>ῥητορικῆς,</span> <span class='ocrx_word' id='word_1_96' title='bbox 733 1368 804 1425; x_wconf 87' lang='grc' dir='ltr'>πόσα</span> <span class='ocrx_word' id='word_1_97' title='bbox 824 1367 852 1426; x_wconf 74' lang='grc' dir='ltr'>δὲ</span> <span class='ocrx_word' id='word_1_98' title='bbox 871 1369 924 1425; x_wconf 83' lang='grc' dir='ltr'>ἀπὸ</span> <span class='ocrx_word' id='word_1_99' title='bbox 942 1376 992 1440; x_wconf 85' lang='grc' dir='ltr'>τῆς</span> <span class='ocrx_word' id='word_1_100' title='bbox 1011 1367 1190 1444; x_wconf 76' lang='grc' dir='ltr'>ψευδωνύμου</span> <span class='ocrx_word' id='word_1_101' title='bbox 1211 1392 1277 1444; x_wconf 85' lang='grc' dir='ltr'>συμ·</span> 
     </span>
     <span class='ocr_line' id='line_1_10' title="bbox 154 1461 335 1526; baseline -0.011 -4"><span class='ocrx_word' id='word_1_102' title='bbox 154 1461 241 1524; x_wconf 83' lang='grc' dir='ltr'>όαίνει</span> <span class='ocrx_word' id='word_1_103' title='bbox 255 1466 335 1526; x_wconf 75' lang='grc' dir='ltr'>κακοί,</span> 
     </span>
    </p>
   </div>
   <div class='ocr_carea' id='block_1_3' title="bbox 91 1617 770 1701">
    <p class='ocr_par' dir='ltr' id='par_1_10' title="bbox 91 1617 770 1701">
     <span class='ocr_line' id='line_1_11' title="bbox 91 1617 770 1701; baseline 0.009 -28"><span class='ocrx_word' id='word_1_104' title='bbox 91 1621 123 1673; x_wconf 85' lang='grc'>10</span> <span class='ocrx_word' id='word_1_105' title='bbox 196 1619 267 1701; x_wconf 84' lang='grc' dir='ltr'>ρκδ’.</span> <span class='ocrx_word' id='word_1_106' title='bbox 289 1621 331 1677; x_wconf 88' lang='grc' dir='ltr'>Τά</span> <span class='ocrx_word' id='word_1_107' title='bbox 350 1626 392 1698; x_wconf 78' lang='grc' dir='ltr'>τῷ</span> <span class='ocrx_word' id='word_1_108' title='bbox 414 1618 485 1676; x_wconf 85' lang='grc' dir='ltr'>ὄντι</span> <span class='ocrx_word' id='word_1_109' title='bbox 505 1617 629 1696; x_wconf 82' lang='grc' dir='ltr'>δίκαια]</span> <span class='ocrx_word' id='word_1_110' title='bbox 652 1620 711 1678; x_wconf 98' lang='grc'><strong>260</strong></span> <span class='ocrx_word' id='word_1_111' title='bbox 732 1618 770 1681; x_wconf 81' lang='grc' dir='ltr'>Α.</span> 
     </span>
    </p>
   </div>
   <div class='ocr_carea' id='block_1_4' title="bbox 59 1759 1278 2633">
    <p class='ocr_par' dir='ltr' id='par_1_11' title="bbox 154 1759 1278 2137">
     <span class='ocr_line' id='line_1_12' title="bbox 194 1759 1277 1846; baseline -0.004 -23"><span class='ocrx_word' id='word_1_112' title='bbox 194 1765 260 1846; x_wconf 81' lang='grc' dir='ltr'>Τρία</span> <span class='ocrx_word' id='word_1_113' title='bbox 284 1763 353 1846; x_wconf 83' lang='grc' dir='ltr'>μίρη</span> <span class='ocrx_word' id='word_1_114' title='bbox 377 1765 426 1823; x_wconf 81' lang='grc' dir='ltr'>είσὶ</span> <span class='ocrx_word' id='word_1_115' title='bbox 447 1772 498 1836; x_wconf 89' lang='grc' dir='ltr'>τῆς</span> <span class='ocrx_word' id='word_1_116' title='bbox 521 1764 679 1845; x_wconf 77' lang='grc' dir='ltr'>ῥητορικῆς,</span> <span class='ocrx_word' id='word_1_117' title='bbox 704 1764 735 1820; x_wconf 90' lang='grc' dir='ltr'>τδ</span> <span class='ocrx_word' id='word_1_118' title='bbox 759 1759 1002 1840; x_wconf 81' lang='grc' dir='ltr'>συμῦουλευτικδν,</span> <span class='ocrx_word' id='word_1_119' title='bbox 1024 1763 1055 1820; x_wconf 86' lang='grc' dir='ltr'>τό</span> <span class='ocrx_word' id='word_1_120' title='bbox 1078 1761 1223 1835; x_wconf 86' lang='grc' dir='ltr'>δικανικὸν,</span> <span class='ocrx_word' id='word_1_121' title='bbox 1245 1763 1277 1819; x_wconf 91' lang='grc' dir='ltr'>τδ</span> 
     </span>
     <span class='ocr_line' id='line_1_13' title="bbox 154 1855 1276 1946; baseline -0.004 -23"><span class='ocrx_word' id='word_1_122' title='bbox 154 1863 344 1946; x_wconf 85' lang='grc' dir='ltr'>πανηγυρικόν·</span> <span class='ocrx_word' id='word_1_123' title='bbox 361 1863 414 1919; x_wconf 81' lang='grc' dir='ltr'>ἀπὸ</span> <span class='ocrx_word' id='word_1_124' title='bbox 429 1869 483 1920; x_wconf 80' lang='grc' dir='ltr'>τῶν</span> <span class='ocrx_word' id='word_1_125' title='bbox 501 1861 548 1920; x_wconf 81' lang='grc' dir='ltr'>οῦν</span> <span class='ocrx_word' id='word_1_126' title='bbox 565 1860 655 1919; x_wconf 80' lang='grc' dir='ltr'>τελῶν</span> <span class='ocrx_word' id='word_1_127' title='bbox 669 1863 702 1919; x_wconf 86' lang='grc' dir='ltr'>τδι</span> <span class='ocrx_word' id='word_1_128' title='bbox 717 1863 787 1942; x_wconf 80' lang='grc' dir='ltr'>μέρη</span> <span class='ocrx_word' id='word_1_129' title='bbox 801 1863 975 1943; x_wconf 76' lang='grc' dir='ltr'>παρίστησιν,</span> <span class='ocrx_word' id='word_1_130' title='bbox 992 1863 1049 1919; x_wconf 79' lang='grc' dir='ltr'>οἷον</span> <span class='ocrx_word' id='word_1_131' title='bbox 1063 1855 1094 1921; x_wconf 84' lang='grc' dir='ltr'>τὸ</span> <span class='ocrx_word' id='word_1_132' title='bbox 1111 1860 1214 1919; x_wconf 90' lang='grc' dir='ltr'>δίκαιον</span> <span class='ocrx_word' id='word_1_133' title='bbox 1228 1867 1276 1919; x_wconf 87' lang='grc' dir='ltr'>τοῦ</span> 
     </span>
     <span class='ocr_line' id='line_1_14' title="bbox 155 1956 1277 2043; baseline -0.002 -23"><span class='ocrx_word' id='word_1_134' title='bbox 155 1963 293 2021; x_wconf 78' lang='grc' dir='ltr'>δικανικοῦ</span> <span class='ocrx_word' id='word_1_135' title='bbox 317 1957 383 2032; x_wconf 75' lang='grc' dir='ltr'>ἔστι,</span> <span class='ocrx_word' id='word_1_136' title='bbox 407 1962 437 2018; x_wconf 86' lang='grc' dir='ltr'>τὸ</span> <span class='ocrx_word' id='word_1_137' title='bbox 461 1961 560 2040; x_wconf 85' lang='grc' dir='ltr'>ἀγαθὸν</span> <span class='ocrx_word' id='word_1_138' title='bbox 581 1967 630 2018; x_wconf 90' lang='grc' dir='ltr'>τοῦ</span> <span class='ocrx_word' id='word_1_139' title='bbox 653 1956 893 2036; x_wconf 87' lang='grc' dir='ltr'>συμόουλευτικοῦ,</span> <span class='ocrx_word' id='word_1_140' title='bbox 916 1965 965 2017; x_wconf 84' lang='grc' dir='ltr'>τοῦ</span> <span class='ocrx_word' id='word_1_141' title='bbox 989 1958 1018 2018; x_wconf 67' lang='grc' dir='ltr'>δὲ</span> <span class='ocrx_word' id='word_1_142' title='bbox 1039 1965 1222 2043; x_wconf 78' lang='grc' dir='ltr'>πανηγυρικοῦ</span> <span class='ocrx_word' id='word_1_143' title='bbox 1246 1961 1277 2018; x_wconf 90' lang='grc' dir='ltr'>τδ</span> 
     </span>
     <span class='ocr_line' id='line_1_15' title="bbox 154 2057 1278 2137; baseline -0.004 -18"><span class='ocrx_word' id='word_1_144' title='bbox 154 2062 251 2122; x_wconf 89' lang='grc' dir='ltr'>καλόν.</span> <span class='ocrx_word' id='word_1_145' title='bbox 269 2061 319 2118; x_wconf 76' lang='grc' dir='ltr'>Καὶ</span> <span class='ocrx_word' id='word_1_146' title='bbox 331 2060 401 2118; x_wconf 88' lang='grc' dir='ltr'>κατά</span> <span class='ocrx_word' id='word_1_147' title='bbox 417 2059 550 2117; x_wconf 82' lang='grc' dir='ltr'>ἀντίθεσιν</span> <span class='ocrx_word' id='word_1_148' title='bbox 565 2065 613 2117; x_wconf 88' lang='grc' dir='ltr'>τοῦ</span> <span class='ocrx_word' id='word_1_149' title='bbox 628 2057 763 2116; x_wconf 82' lang='grc' dir='ltr'>δικανικοῦ</span> <span class='ocrx_word' id='word_1_150' title='bbox 779 2057 883 2117; x_wconf 87' lang='grc' dir='ltr'>δίκαιον</span> <span class='ocrx_word' id='word_1_151' title='bbox 898 2059 943 2116; x_wconf 84' lang='grc' dir='ltr'>καὶ</span> <span class='ocrx_word' id='word_1_152' title='bbox 958 2057 1061 2131; x_wconf 78' lang='grc' dir='ltr'>ἄδικον,</span> <span class='ocrx_word' id='word_1_153' title='bbox 1080 2058 1178 2137; x_wconf 82' lang='grc' dir='ltr'>ἀγαθόν</span> <span class='ocrx_word' id='word_1_154' title='bbox 1192 2057 1221 2117; x_wconf 74' lang='grc' dir='ltr'>δὲ</span> <span class='ocrx_word' id='word_1_155' title='bbox 1234 2061 1278 2115; x_wconf 79' lang='grc' dir='ltr'>καί</span> 
     </span>
    </p>

    <p class='ocr_par' dir='ltr' id='par_1_12' title="bbox 59 2154 1277 2633">
     <span class='ocr_line' id='line_1_16' title="bbox 90 2154 1276 2239; baseline -0.004 -21"><span class='ocrx_word' id='word_1_156' title='bbox 90 2155 122 2209; x_wconf 79' lang='lat'>¹5</span> <span class='ocrx_word' id='word_1_157' title='bbox 154 2161 237 2218; x_wconf 85' lang='grc' dir='ltr'>κακδν</span> <span class='ocrx_word' id='word_1_158' title='bbox 250 2165 300 2218; x_wconf 91' lang='grc' dir='ltr'>τοῦ</span> <span class='ocrx_word' id='word_1_159' title='bbox 314 2154 558 2236; x_wconf 80' lang='grc' dir='ltr'>συμῦουλευιικοῦ,</span> <span class='ocrx_word' id='word_1_160' title='bbox 574 2158 659 2217; x_wconf 84' lang='grc' dir='ltr'>καλὸν</span> <span class='ocrx_word' id='word_1_161' title='bbox 677 2159 722 2214; x_wconf 83' lang='grc' dir='ltr'>καί</span> <span class='ocrx_word' id='word_1_162' title='bbox 741 2159 851 2239; x_wconf 81' lang='grc' dir='ltr'>αἰσχρὸν</span> <span class='ocrx_word' id='word_1_163' title='bbox 868 2165 917 2215; x_wconf 87' lang='grc' dir='ltr'>τοῦ</span> <span class='ocrx_word' id='word_1_164' title='bbox 935 2162 1128 2237; x_wconf 87' lang='grc' dir='ltr'>πανηγυρικοῦ.</span> <span class='ocrx_word' id='word_1_165' title='bbox 1149 2159 1199 2215; x_wconf 84' lang='grc' dir='ltr'>Καὶ</span> <span class='ocrx_word' id='word_1_166' title='bbox 1215 2158 1276 2239; x_wconf 85' lang='grc' dir='ltr'>περὶ</span> 
     </span>
     <span class='ocr_line' id='line_1_17' title="bbox 154 2255 1277 2339; baseline -0.004 -22"><span class='ocrx_word' id='word_1_167' title='bbox 154 2257 266 2318; x_wconf 68' lang='grc' dir='ltr'>ἕκαστον</span> <span class='ocrx_word' id='word_1_168' title='bbox 286 2257 314 2316; x_wconf 73' lang='grc' dir='ltr'>δὲ</span> <span class='ocrx_word' id='word_1_169' title='bbox 335 2257 424 2315; x_wconf 77' lang='grc' dir='ltr'>αὐτῶν</span> <span class='ocrx_word' id='word_1_170' title='bbox 446 2255 543 2329; x_wconf 82' lang='grc' dir='ltr'>διπλόη</span> <span class='ocrx_word' id='word_1_171' title='bbox 565 2280 605 2323; x_wconf 88' lang='grc' dir='ltr'>τις</span> <span class='ocrx_word' id='word_1_172' title='bbox 627 2258 758 2339; x_wconf 85' lang='grc' dir='ltr'>φαίνεται·</span> <span class='ocrx_word' id='word_1_173' title='bbox 781 2258 842 2337; x_wconf 82' lang='grc' dir='ltr'>περὶ</span> <span class='ocrx_word' id='word_1_174' title='bbox 862 2257 892 2313; x_wconf 90' lang='grc' dir='ltr'>τδ</span> <span class='ocrx_word' id='word_1_175' title='bbox 912 2255 1045 2314; x_wconf 84' lang='grc' dir='ltr'>δικανικόν</span> <span class='ocrx_word' id='word_1_176' title='bbox 1062 2255 1211 2335; x_wconf 87' lang='grc' dir='ltr'>κατηγορία</span> <span class='ocrx_word' id='word_1_177' title='bbox 1231 2257 1277 2314; x_wconf 84' lang='grc' dir='ltr'>καί</span> 
     </span>
     <span class='ocr_line' id='line_1_18' title="bbox 59 2351 1277 2436; baseline -0.002 -23"><span class='ocrx_word' id='word_1_178' title='bbox 59 2361 140 2413; x_wconf 70' lang='lat'>⁸771·</span> <span class='ocrx_word' id='word_1_179' title='bbox 155 2354 305 2434; x_wconf 88' lang='grc' dir='ltr'>ἀπολογία,</span> <span class='ocrx_word' id='word_1_180' title='bbox 330 2356 391 2436; x_wconf 81' lang='grc' dir='ltr'>περὶ</span> <span class='ocrx_word' id='word_1_181' title='bbox 413 2357 444 2412; x_wconf 87' lang='grc' dir='ltr'>τό</span> <span class='ocrx_word' id='word_1_182' title='bbox 468 2351 697 2431; x_wconf 86' lang='grc' dir='ltr'>συμόουλευτικδν</span> <span class='ocrx_word' id='word_1_183' title='bbox 721 2355 725 2433; x_wconf 89' lang='grc' dir='ltr'>Ι</span> <span class='ocrx_word' id='word_1_184' title='bbox 749 2355 888 2434; x_wconf 69' lang='grc' dir='ltr'>προτροπὴ</span> <span class='ocrx_word' id='word_1_185' title='bbox 913 2356 958 2411; x_wconf 84' lang='grc' dir='ltr'>καί</span> <span class='ocrx_word' id='word_1_186' title='bbox 983 2354 1137 2434; x_wconf 65' lang='grc' dir='ltr'>ἀποτροπὴ,</span> <span class='ocrx_word' id='word_1_187' title='bbox 1161 2355 1224 2434; x_wconf 87' lang='grc' dir='ltr'>περὶ</span> <span class='ocrx_word' id='word_1_188' title='bbox 1246 2354 1277 2410; x_wconf 86' lang='grc' dir='ltr'>τὸ</span> 
     </span>
     <span class='ocr_line' id='line_1_19' title="bbox 154 2450 1276 2537; baseline -0.003 -25"><span class='ocrx_word' id='word_1_189' title='bbox 154 2456 334 2537; x_wconf 84' lang='grc' dir='ltr'>πανηγυρικόν</span> <span class='ocrx_word' id='word_1_190' title='bbox 351 2450 458 2520; x_wconf 75' lang='grc' dir='ltr'>ἔπαινος</span> <span class='ocrx_word' id='word_1_191' title='bbox 475 2456 519 2512; x_wconf 79' lang='grc' dir='ltr'>καί</span> <span class='ocrx_word' id='word_1_192' title='bbox 538 2454 633 2532; x_wconf 78' lang='grc' dir='ltr'>ψόγος·</span> <span class='ocrx_word' id='word_1_193' title='bbox 654 2453 684 2510; x_wconf 80' lang='grc' dir='ltr'>ἐκ</span> <span class='ocrx_word' id='word_1_194' title='bbox 701 2452 753 2534; x_wconf 83' lang='grc' dir='ltr'>γάρ</span> <span class='ocrx_word' id='word_1_195' title='bbox 772 2452 875 2510; x_wconf 80' lang='grc' dir='ltr'>τοότων</span> <span class='ocrx_word' id='word_1_196' title='bbox 890 2452 942 2509; x_wconf 80' lang='grc' dir='ltr'>ἀπὸ</span> <span class='ocrx_word' id='word_1_197' title='bbox 955 2457 1003 2511; x_wconf 84' lang='grc' dir='ltr'>τοῦ</span> <span class='ocrx_word' id='word_1_198' title='bbox 1017 2452 1050 2510; x_wconf 83' lang='grc' dir='ltr'>τά</span> <span class='ocrx_word' id='word_1_199' title='bbox 1065 2450 1193 2510; x_wconf 88' lang='grc' dir='ltr'>δοκοῦντα</span> <span class='ocrx_word' id='word_1_200' title='bbox 1206 2450 1276 2527; x_wconf 86' lang='grc' dir='ltr'>λαμ-</span> 
     </span>
     <span class='ocr_line' id='line_1_20' title="bbox 156 2549 846 2633; baseline 0.003 -23"><span class='ocrx_word' id='word_1_201' title='bbox 156 2549 247 2613; x_wconf 82' lang='grc' dir='ltr'>όάνειν</span> <span class='ocrx_word' id='word_1_202' title='bbox 262 2554 280 2626; x_wconf 75' lang='grc' dir='ltr'><strong>ἢ</strong></span> <span class='ocrx_word' id='word_1_203' title='bbox 295 2552 383 2611; x_wconf 86' lang='grc' dir='ltr'>δίκαια</span> <span class='ocrx_word' id='word_1_204' title='bbox 396 2554 415 2625; x_wconf 77' lang='grc' dir='ltr'>ῆ</span> <span class='ocrx_word' id='word_1_205' title='bbox 430 2554 517 2632; x_wconf 76' lang='grc' dir='ltr'>ἀγαθὰ</span> <span class='ocrx_word' id='word_1_206' title='bbox 530 2553 548 2624; x_wconf 75' lang='grc' dir='ltr'>ῆ</span> <span class='ocrx_word' id='word_1_207' title='bbox 563 2550 635 2611; x_wconf 87' lang='grc' dir='ltr'>καλά</span> <span class='ocrx_word' id='word_1_208' title='bbox 649 2551 846 2633; x_wconf 76' lang='grc' dir='ltr'>ῥητορεύουσιν.</span> 
     </span>
    </p>
   </div>
   <div class='ocr_carea' id='block_1_5' title="bbox 91 2699 739 2786">
    <p class='ocr_par' dir='ltr' id='par_1_13' title="bbox 91 2699 739 2786">
     <span class='ocr_line' id='line_1_21' title="bbox 91 2699 739 2786; baseline -0.002 -24"><span class='ocrx_word' id='word_1_209' title='bbox 91 2702 124 2752; x_wconf 76' lang='lat'>2⁰</span> <span class='ocrx_word' id='word_1_210' title='bbox 195 2708 261 2786; x_wconf 85' lang='grc' dir='ltr'>ρκε’.</span> <span class='ocrx_word' id='word_1_211' title='bbox 285 2703 326 2762; x_wconf 81' lang='grc' dir='ltr'>Οὔ</span> <span class='ocrx_word' id='word_1_212' title='bbox 346 2727 376 2762; x_wconf 93' lang='grc' dir='ltr'>τι</span> <span class='ocrx_word' id='word_1_213' title='bbox 396 2699 599 2785; x_wconf 81' lang='grc' dir='ltr'>ἀπόῦλητον]</span> <span class='ocrx_word' id='word_1_214' title='bbox 621 2703 680 2762; x_wconf 93' lang='grc'><strong>260</strong></span> <span class='ocrx_word' id='word_1_215' title='bbox 701 2701 739 2764; x_wconf 83' lang='grc' dir='ltr'>Α.</span> 
     </span>
    </p>
   </div>
   <div class='ocr_carea' id='block_1_6' title="bbox 154 2842 1276 3128">
    <p class='ocr_par' dir='ltr' id='par_1_14' title="bbox 154 2842 1276 3128">
     <span class='ocr_line' id='line_1_22' title="bbox 195 2842 1276 2930; baseline -0.005 -25"><span class='ocrx_word' id='word_1_216' title='bbox 195 2848 286 2921; x_wconf 87' lang='grc' dir='ltr'>Ἴσως,</span> <span class='ocrx_word' id='word_1_217' title='bbox 302 2849 378 2930; x_wconf 82' lang='grc' dir='ltr'>φησί,</span> <span class='ocrx_word' id='word_1_218' title='bbox 393 2847 499 2925; x_wconf 69' lang='grc' dir='ltr'>λέγουσί</span> <span class='ocrx_word' id='word_1_219' title='bbox 512 2868 538 2903; x_wconf 95' lang='grc' dir='ltr'>τι</span> <span class='ocrx_word' id='word_1_220' title='bbox 552 2847 579 2903; x_wconf 88' lang='grc' dir='ltr'>οί</span> <span class='ocrx_word' id='word_1_221' title='bbox 594 2844 702 2926; x_wconf 90' lang='grc' dir='ltr'>σοφοί·</span> <span class='ocrx_word' id='word_1_222' title='bbox 718 2846 748 2902; x_wconf 89' lang='grc' dir='ltr'>τδ</span> <span class='ocrx_word' id='word_1_223' title='bbox 764 2843 792 2902; x_wconf 76' lang='grc' dir='ltr'>δὲ</span> <span class='ocrx_word' id='word_1_224' title='bbox 811 2845 909 2924; x_wconf 83' lang='grc' dir='ltr'>σοφοὶ</span> <span class='ocrx_word' id='word_1_225' title='bbox 929 2842 1039 2902; x_wconf 88' lang='grc' dir='ltr'>δόναται</span> <span class='ocrx_word' id='word_1_226' title='bbox 1058 2845 1108 2919; x_wconf 75' lang='grc' dir='ltr'>μἐν</span> <span class='ocrx_word' id='word_1_227' title='bbox 1126 2845 1171 2901; x_wconf 88' lang='grc' dir='ltr'>καὶ</span> <span class='ocrx_word' id='word_1_228' title='bbox 1190 2845 1229 2909; x_wconf 84' lang='grc' dir='ltr'>ὡς</span> <span class='ocrx_word' id='word_1_229' title='bbox 1249 2843 1276 2902; x_wconf 80' lang='grc' dir='ltr'>ἐν</span> 
     </span>
     <span class='ocr_line' id='line_1_23' title="bbox 154 2939 1275 3027; baseline -0.002 -25"><span class='ocrx_word' id='word_1_230' title='bbox 154 2947 214 3019; x_wconf 74' lang='grc' dir='ltr'>ἤθει</span> <span class='ocrx_word' id='word_1_231' title='bbox 227 2945 370 3027; x_wconf 85' lang='grc' dir='ltr'>λεχθῆναι,</span> <span class='ocrx_word' id='word_1_232' title='bbox 387 2945 471 3024; x_wconf 76' lang='grc' dir='ltr'>ἤγουν</span> <span class='ocrx_word' id='word_1_233' title='bbox 487 2945 527 3002; x_wconf 85' lang='grc' dir='ltr'>ότι</span> <span class='ocrx_word' id='word_1_234' title='bbox 541 2945 604 3009; x_wconf 84' lang='grc' dir='ltr'>τοῦς</span> <span class='ocrx_word' id='word_1_235' title='bbox 620 2945 694 3008; x_wconf 81' lang='grc' dir='ltr'>ὅπως</span> <span class='ocrx_word' id='word_1_236' title='bbox 709 2945 775 3002; x_wconf 76' lang='grc' dir='ltr'>ποτέ</span> <span class='ocrx_word' id='word_1_237' title='bbox 792 2941 920 3021; x_wconf 79' lang='grc' dir='ltr'>[εἰδότας]</span> <span class='ocrx_word' id='word_1_238' title='bbox 935 2966 961 3000; x_wconf 93' lang='grc' dir='ltr'>τι</span> <span class='ocrx_word' id='word_1_239' title='bbox 974 2944 1034 3023; x_wconf 81' lang='grc' dir='ltr'>περὶ</span> <span class='ocrx_word' id='word_1_240' title='bbox 1048 2941 1147 3022; x_wconf 89' lang='grc' dir='ltr'>λόγους</span> <span class='ocrx_word' id='word_1_241' title='bbox 1161 2939 1275 3023; x_wconf 76' lang='grc' dir='ltr'>ἔχοντας</span> 
     </span>
     <span class='ocr_line' id='line_1_24' title="bbox 155 3041 1129 3128; baseline -0.005 -25"><span class='ocrx_word' id='word_1_242' title='bbox 155 3045 253 3128; x_wconf 80' lang='grc' dir='ltr'>σαφοῦς</span> <span class='ocrx_word' id='word_1_243' title='bbox 267 3044 378 3103; x_wconf 77' lang='grc' dir='ltr'>ὲκάλουν</span> <span class='ocrx_word' id='word_1_244' title='bbox 393 3045 419 3101; x_wconf 80' lang='grc' dir='ltr'>οἱ</span> <span class='ocrx_word' id='word_1_245' title='bbox 433 3043 553 3114; x_wconf 88' lang='grc' dir='ltr'>παλαιοὶ,</span> <span class='ocrx_word' id='word_1_246' title='bbox 570 3043 651 3101; x_wconf 85' lang='grc' dir='ltr'>ὁπότε</span> <span class='ocrx_word' id='word_1_247' title='bbox 664 3044 709 3100; x_wconf 84' lang='grc' dir='ltr'>καὶ</span> <span class='ocrx_word' id='word_1_248' title='bbox 723 3044 770 3100; x_wconf 85' lang='grc' dir='ltr'>τὸν</span> <span class='ocrx_word' id='word_1_249' title='bbox 783 3043 895 3100; x_wconf 84' lang='grc' dir='ltr'>τίκτονα</span> <span class='ocrx_word' id='word_1_250' title='bbox 909 3041 1033 3122; x_wconf 81' lang='grc' dir='ltr'>Ὅμηρός</span> <span class='ocrx_word' id='word_1_251' title='bbox 1049 3064 1129 3123; x_wconf 88' lang='grc' dir='ltr'>φησιν</span> 
     </span>
    </p>
   </div>
   <div class='ocr_carea' id='block_1_7' title="bbox 438 3227 691 3311">
    <p class='ocr_par' dir='ltr' id='par_1_15' title="bbox 438 3227 691 3311">
     <span class='ocr_line' id='line_1_25' title="bbox 438 3227 691 3311; baseline 0.004 -23"><span class='ocrx_word' id='word_1_252' title='bbox 438 3229 468 3288; x_wconf 80' lang='grc' dir='ltr'>εὖ</span> <span class='ocrx_word' id='word_1_253' title='bbox 489 3227 565 3295; x_wconf 81' lang='grc' dir='ltr'>είδδις</span> <span class='ocrx_word' id='word_1_254' title='bbox 583 3229 691 3311; x_wconf 77' lang='grc' dir='ltr'>σοφίης.</span> 
     </span>
    </p>
   </div>
   <div class='ocr_carea' id='block_1_8' title="bbox 90 3415 1277 3598">
    <p class='ocr_par' dir='ltr' id='par_1_16' title="bbox 90 3415 1277 3598">
     <span class='ocr_line' id='line_1_26' title="bbox 90 3415 1277 3508; baseline -0.004 -28"><span class='ocrx_word' id='word_1_255' title='bbox 90 3429 122 3480; x_wconf 82' lang='lat'>25</span> <span class='ocrx_word' id='word_1_256' title='bbox 153 3423 189 3481; x_wconf 82' lang='grc' dir='ltr'>Τὸ</span> <span class='ocrx_word' id='word_1_257' title='bbox 208 3421 237 3480; x_wconf 77' lang='grc' dir='ltr'>δὲ</span> <span class='ocrx_word' id='word_1_258' title='bbox 254 3421 313 3479; x_wconf 83' lang='grc' dir='ltr'>οὐκ</span> <span class='ocrx_word' id='word_1_259' title='bbox 333 3420 484 3503; x_wconf 79' lang='grc' dir='ltr'>ἀφετίον,</span> <span class='ocrx_word' id='word_1_260' title='bbox 505 3419 579 3478; x_wconf 83' lang='grc' dir='ltr'>ἀλλά</span> <span class='ocrx_word' id='word_1_261' title='bbox 598 3417 754 3500; x_wconf 79' lang='grc' dir='ltr'>ἐρευνητόον</span> <span class='ocrx_word' id='word_1_262' title='bbox 771 3418 905 3508; x_wconf 80' lang='grc' dir='ltr'>πότερον,</span> <span class='ocrx_word' id='word_1_263' title='bbox 922 3418 961 3483; x_wconf 85' lang='grc' dir='ltr'>ὡς</span> <span class='ocrx_word' id='word_1_264' title='bbox 981 3416 1036 3497; x_wconf 80' lang='grc' dir='ltr'>ἐγὼ</span> <span class='ocrx_word' id='word_1_265' title='bbox 1057 3416 1141 3496; x_wconf 78' lang='grc' dir='ltr'>λέγω,</span> <span class='ocrx_word' id='word_1_266' title='bbox 1165 3415 1206 3475; x_wconf 83' lang='grc' dir='ltr'>δεῖ</span> <span class='ocrx_word' id='word_1_267' title='bbox 1225 3420 1277 3492; x_wconf 81' lang='grc' dir='ltr'>τῆν</span> 
     </span>
     <span class='ocr_line' id='line_1_27' title="bbox 154 3511 1276 3598; baseline -0.004 -21"><span class='ocrx_word' id='word_1_268' title='bbox 154 3522 285 3594; x_wconf 75' lang='grc' dir='ltr'>ἀλήθειαν</span> <span class='ocrx_word' id='word_1_269' title='bbox 308 3523 400 3594; x_wconf 75' lang='grc' dir='ltr'>ζητεῖν</span> <span class='ocrx_word' id='word_1_270' title='bbox 422 3525 470 3576; x_wconf 89' lang='grc' dir='ltr'>τοῦ</span> <span class='ocrx_word' id='word_1_271' title='bbox 491 3517 596 3576; x_wconf 88' lang='grc' dir='ltr'>δικαίου</span> <span class='ocrx_word' id='word_1_272' title='bbox 616 3519 661 3574; x_wconf 88' lang='grc' dir='ltr'>καὶ</span> <span class='ocrx_word' id='word_1_273' title='bbox 679 3517 782 3598; x_wconf 83' lang='grc' dir='ltr'>ἀγαθοῦ</span> <span class='ocrx_word' id='word_1_274' title='bbox 801 3518 846 3573; x_wconf 82' lang='grc' dir='ltr'>καί</span> <span class='ocrx_word' id='word_1_275' title='bbox 866 3511 964 3587; x_wconf 89' lang='grc' dir='ltr'>καλοῦ,</span> <span class='ocrx_word' id='word_1_276' title='bbox 985 3515 1004 3587; x_wconf 72' lang='grc' dir='ltr'>ἢ</span> <span class='ocrx_word' id='word_1_277' title='bbox 1023 3517 1073 3586; x_wconf 78' lang='grc' dir='ltr'>τὴν</span> <span class='ocrx_word' id='word_1_278' title='bbox 1095 3515 1216 3589; x_wconf 90' lang='grc' dir='ltr'>δόκησιν,</span> <span class='ocrx_word' id='word_1_279' title='bbox 1237 3517 1276 3581; x_wconf 81' lang='grc' dir='ltr'>ὥς</span> 
     </span>
    </p>
   </div>
   <div class='ocr_carea' id='block_1_9' title="bbox 154 3619 1278 3993">
    <p class='ocr_par' dir='ltr' id='par_1_17' title="bbox 154 3619 1278 3993">
     <span class='ocr_line' id='line_1_28' title="bbox 154 3619 416 3703; baseline -0.015 -26"><span class='ocrx_word' id='word_1_280' title='bbox 154 3641 234 3703; x_wconf 89' lang='grc' dir='ltr'>φασιν</span> <span class='ocrx_word' id='word_1_281' title='bbox 250 3621 276 3676; x_wconf 86' lang='grc' dir='ltr'>οί</span> <span class='ocrx_word' id='word_1_282' title='bbox 292 3619 416 3699; x_wconf 75' lang='grc' dir='ltr'>ῥήτορες,</span> 
     </span>
     <span class='ocr_line' id='line_1_29' title="bbox 196 3768 788 3853; baseline -0.007 -21"><span class='ocrx_word' id='word_1_283' title='bbox 196 3773 265 3853; x_wconf 89' lang='grc' dir='ltr'>ρκς’.</span> <span class='ocrx_word' id='word_1_284' title='bbox 289 3768 328 3830; x_wconf 77' lang='grc' dir='ltr'>Εἴ</span> <span class='ocrx_word' id='word_1_285' title='bbox 345 3794 378 3830; x_wconf 90' lang='grc' dir='ltr'>σε</span> <span class='ocrx_word' id='word_1_286' title='bbox 399 3771 552 3846; x_wconf 87' lang='grc' dir='ltr'>πείθοιμι</span> <span class='ocrx_word' id='word_1_287' title='bbox 572 3770 648 3852; x_wconf 78' lang='grc' dir='ltr'>ἐγώ]</span> <span class='ocrx_word' id='word_1_288' title='bbox 671 3769 730 3829; x_wconf 89' lang='grc'><strong>260</strong></span> <span class='ocrx_word' id='word_1_289' title='bbox 751 3768 788 3828; x_wconf 88' lang='grc' dir='ltr'>Β.</span> 
     </span>
     <span class='ocr_line' id='line_1_30' title="bbox 195 3906 1278 3993; baseline -0.015 -24"><span class='ocrx_word' id='word_1_290' title='bbox 195 3909 234 3969; x_wconf 81' lang='grc' dir='ltr'>Δι’</span> <span class='ocrx_word' id='word_1_291' title='bbox 248 3912 304 3979; x_wconf 78' lang='grc' dir='ltr'>ὶνδς</span> <span class='ocrx_word' id='word_1_292' title='bbox 317 3909 532 3993; x_wconf 85' lang='grc' dir='ltr'>παραδείγματος</span> <span class='ocrx_word' id='word_1_293' title='bbox 543 3909 671 3989; x_wconf 87' lang='grc' dir='ltr'>βοόλεται</span> <span class='ocrx_word' id='word_1_294' title='bbox 683 3907 767 3977; x_wconf 81' lang='grc' dir='ltr'>δεῖξαι</span> <span class='ocrx_word' id='word_1_295' title='bbox 779 3908 852 3984; x_wconf 77' lang='grc' dir='ltr'>αὐτῷ</span> <span class='ocrx_word' id='word_1_296' title='bbox 865 3908 928 3967; x_wconf 84' lang='grc' dir='ltr'>όσον</span> <span class='ocrx_word' id='word_1_297' title='bbox 941 3906 1068 3992; x_wconf 73' lang='grc' dir='ltr'>διάφορόν</span> <span class='ocrx_word' id='word_1_298' title='bbox 1082 3910 1136 3968; x_wconf 84' lang='grc' dir='ltr'>ἐστι</span> <span class='ocrx_word' id='word_1_299' title='bbox 1151 3918 1200 3983; x_wconf 83' lang='grc' dir='ltr'>τῆς</span> <span class='ocrx_word' id='word_1_300' title='bbox 1210 3909 1278 3984; x_wconf 64' lang='grc' dir='ltr'>ἀλη.</span> 
     </span>
    </p>
   </div>
   <div class='ocr_carea' id='block_1_10' title="bbox 186 4122 320 4174">
    <p class='ocr_par' dir='ltr' id='par_1_18' title="bbox 186 4122 320 4174">
     <span class='ocr_line' id='line_1_31' title="bbox 186 4122 320 4174; baseline 0 0"><span class='ocrx_word' id='word_1_301' title='bbox 186 4122 320 4174; x_wconf 76' lang='lat'>230412</span> 
     </span>
    </p>
   </div>
   <div class='ocr_carea' id='block_1_11' title="bbox 155 4236 1277 4744">
    <p class='ocr_par' dir='ltr' id='par_1_19' title="bbox 155 4236 1277 4744">
     <span class='ocr_line' id='line_1_32' title="bbox 188 4236 1276 4310; baseline 0.002 -18"><span class='ocrx_word' id='word_1_302' title='bbox 188 4241 235 4292; x_wconf 79' lang='lat' dir='ltr'>Nc</span> <span class='ocrx_word' id='word_1_303' title='bbox 253 4244 267 4294; x_wconf 87' lang='lat'>1</span> <span class='ocrx_word' id='word_1_304' title='bbox 285 4239 470 4306; x_wconf 78' lang='lat' dir='ltr'>supplendum</span> <span class='ocrx_word' id='word_1_305' title='bbox 483 4239 540 4289; x_wconf 75' lang='lat' dir='ltr'>iere</span> <span class='ocrx_word' id='word_1_306' title='bbox 555 4238 666 4306; x_wconf 80' lang='grc' dir='ltr'>γράφειν.</span> <span class='ocrx_word' id='word_1_307' title='bbox 680 4239 748 4299; x_wconf 86' lang='grc' dir='ltr'>&lt;Ὁ</span> <span class='ocrx_word' id='word_1_308' title='bbox 768 4236 813 4292; x_wconf 76' lang='grc' dir='ltr'>οὖν</span> <span class='ocrx_word' id='word_1_309' title='bbox 834 4242 986 4305; x_wconf 81' lang='grc' dir='ltr'>βουλόμενος</span> <span class='ocrx_word' id='word_1_310' title='bbox 998 4245 1081 4300; x_wconf 79' lang='grc' dir='ltr'>καλῶς</span> <span class='ocrx_word' id='word_1_311' title='bbox 1095 4244 1174 4310; x_wconf 83' lang='grc' dir='ltr'>λίγειν</span> <span class='ocrx_word' id='word_1_312' title='bbox 1191 4262 1218 4295; x_wconf 83' lang='grc' dir='ltr'>τι</span> <span class='ocrx_word' id='word_1_313' title='bbox 1234 4246 1276 4294; x_wconf 85' lang='grc' dir='ltr'>καί</span> 
     </span>
     <span class='ocr_line' id='line_1_33' title="bbox 155 4310 1276 4382; baseline 0 -17"><span class='ocrx_word' id='word_1_314' title='bbox 155 4313 289 4382; x_wconf 80' lang='grc' dir='ltr'>γράφειν&gt;</span> <span class='ocrx_word' id='word_1_315' title='bbox 353 4312 492 4363; x_wconf 79' lang='grc' dir='ltr'>3εῐιότων</span> <span class='ocrx_word' id='word_1_316' title='bbox 505 4310 540 4372; x_wconf 73' lang='lat'>(⁴2)</span> <span class='ocrx_word' id='word_1_317' title='bbox 605 4310 671 4378; x_wconf 78' lang='grc' dir='ltr'>αὐτῷ</span> <span class='ocrx_word' id='word_1_318' title='bbox 695 4316 854 4375; x_wconf 75' lang='lat' dir='ltr'><strong>corruptum</strong></span> <span class='ocrx_word' id='word_1_319' title='bbox 877 4310 987 4362; x_wconf 69' lang='lat' dir='ltr'>videtur</span> <span class='ocrx_word' id='word_1_320' title='bbox 1048 4313 1183 4366; x_wconf 78' lang='lat' dir='ltr'><strong>fidesunt</strong></span> <span class='ocrx_word' id='word_1_321' title='bbox 1206 4328 1276 4366; x_wconf 88' lang='lat' dir='ltr'>non-</span> 
     </span>
     <span class='ocr_line' id='line_1_34' title="bbox 156 4381 1277 4448; baseline 0 -12"><span class='ocrx_word' id='word_1_322' title='bbox 156 4384 235 4436; x_wconf 78' lang='lat' dir='ltr'>nulla</span> <span class='ocrx_word' id='word_1_323' title='bbox 298 4384 328 4435; x_wconf 87' lang='grc'>10</span> <span class='ocrx_word' id='word_1_324' title='bbox 344 4384 383 4444; x_wconf 86' lang='grc' dir='ltr'>τδι,</span> <span class='ocrx_word' id='word_1_325' title='bbox 399 4402 412 4434; x_wconf 88' lang='grc' dir='ltr'>τ</span> <span class='ocrx_word' id='word_1_326' title='bbox 426 4383 500 4432; x_wconf 81' lang='lat' dir='ltr'>rubr.</span> <span class='ocrx_word' id='word_1_327' title='bbox 516 4385 540 4431; x_wconf 78' lang='lat' dir='ltr'><strong>A</strong></span> <span class='ocrx_word' id='word_1_328' title='bbox 604 4381 634 4431; x_wconf 84' lang='lat'>13</span> <span class='ocrx_word' id='word_1_329' title='bbox 649 4389 692 4446; x_wconf 79' lang='grc' dir='ltr'>τῆς</span> <span class='ocrx_word' id='word_1_330' title='bbox 706 4385 834 4445; x_wconf 79' lang='grc' dir='ltr'>δικανικῆς</span> <span class='ocrx_word' id='word_1_331' title='bbox 846 4387 875 4433; x_wconf 73' lang='grc' dir='ltr'>ολ</span> <span class='ocrx_word' id='word_1_332' title='bbox 887 4390 930 4447; x_wconf 75' lang='grc' dir='ltr'>τῆς</span> <span class='ocrx_word' id='word_1_333' title='bbox 945 4387 1159 4448; x_wconf 77' lang='grc' dir='ltr'>σνμθουλιυτικοῦ</span> <span class='ocrx_word' id='word_1_334' title='bbox 1173 4389 1198 4436; x_wconf 82' lang='grc' dir='ltr'><strong>Α</strong></span> <span class='ocrx_word' id='word_1_335' title='bbox 1212 4393 1277 4436; x_wconf 69' lang='lat' dir='ltr'>aute</span> 
     </span>
     <span class='ocr_line' id='line_1_35' title="bbox 155 4453 1213 4519; baseline -0.002 -11"><span class='ocrx_word' id='word_1_336' title='bbox 155 4469 225 4509; x_wconf 76' lang='lat' dir='ltr'><strong>corr.</strong></span> <span class='ocrx_word' id='word_1_337' title='bbox 287 4458 316 4507; x_wconf 81' lang='grc' dir='ltr'>τὸ</span> <span class='ocrx_word' id='word_1_338' title='bbox 335 4460 400 4505; x_wconf 78' lang='lat' dir='ltr'>ame</span> <span class='ocrx_word' id='word_1_339' title='bbox 421 4455 515 4519; x_wconf 77' lang='grc' dir='ltr'>ἀγαθον</span> <span class='ocrx_word' id='word_1_340' title='bbox 534 4467 570 4504; x_wconf 78' lang='lat' dir='ltr'>ex</span> <span class='ocrx_word' id='word_1_341' title='bbox 590 4462 625 4504; x_wconf 79' lang='grc' dir='ltr'>τῶ</span> <span class='ocrx_word' id='word_1_342' title='bbox 647 4457 671 4503; x_wconf 83' lang='grc' dir='ltr'>Α</span> <span class='ocrx_word' id='word_1_343' title='bbox 735 4454 766 4502; x_wconf 83' lang='grc'>14</span> <span class='ocrx_word' id='word_1_344' title='bbox 786 4453 872 4505; x_wconf 78' lang='grc' dir='ltr'>ἄδικόν</span> <span class='ocrx_word' id='word_1_345' title='bbox 894 4457 946 4507; x_wconf 70' lang='grc' dir='ltr'>ἐστι</span> <span class='ocrx_word' id='word_1_346' title='bbox 965 4454 995 4504; x_wconf 89' lang='grc' dir='ltr'><strong>Μ</strong></span> <span class='ocrx_word' id='word_1_347' title='bbox 1059 4455 1085 4506; x_wconf 70' lang='grc' dir='ltr'>δὲ</span> <span class='ocrx_word' id='word_1_348' title='bbox 1106 4467 1160 4506; x_wconf 86' lang='lat' dir='ltr'>om.</span> <span class='ocrx_word' id='word_1_349' title='bbox 1184 4457 1213 4506; x_wconf 87' lang='lat' dir='ltr'><strong>M</strong></span> 
     </span>
     <span class='ocr_line' id='line_1_36' title="bbox 155 4521 1276 4591; baseline 0.001 -13"><span class='ocrx_word' id='word_1_350' title='bbox 155 4526 229 4578; x_wconf 82' lang='lat'>18-19</span> <span class='ocrx_word' id='word_1_351' title='bbox 245 4525 414 4591; x_wconf 79' lang='grc' dir='ltr'>λαμθόινισθαι</span> <span class='ocrx_word' id='word_1_352' title='bbox 429 4528 466 4574; x_wconf 69' lang='grc' dir='ltr'>Α·</span> <span class='ocrx_word' id='word_1_353' title='bbox 528 4523 560 4574; x_wconf 83' lang='grc'><strong>20</strong></span> <span class='ocrx_word' id='word_1_354' title='bbox 574 4524 640 4586; x_wconf 78' lang='grc' dir='ltr'>οῦ,ο</span> <span class='ocrx_word' id='word_1_355' title='bbox 656 4523 729 4574; x_wconf 78' lang='lat' dir='ltr'>rubr.</span> <span class='ocrx_word' id='word_1_356' title='bbox 743 4527 767 4573; x_wconf 81' lang='grc' dir='ltr'>Α</span> <span class='ocrx_word' id='word_1_357' title='bbox 830 4521 863 4590; x_wconf 87' lang='grc' dir='ltr'>τι]</span> <span class='ocrx_word' id='word_1_358' title='bbox 874 4543 913 4576; x_wconf 91' lang='grc' dir='ltr'>τοι</span> <span class='ocrx_word' id='word_1_359' title='bbox 929 4523 957 4574; x_wconf 83' lang='grc' dir='ltr'><em>Μ</em></span> <span class='ocrx_word' id='word_1_360' title='bbox 974 4524 1044 4575; x_wconf 74' lang='lat' dir='ltr'>Plat.</span> <span class='ocrx_word' id='word_1_361' title='bbox 1060 4525 1141 4576; x_wconf 84' lang='lat' dir='ltr'>Hom.</span> <span class='ocrx_word' id='word_1_362' title='bbox 1205 4527 1234 4577; x_wconf 83' lang='grc'><strong>21</strong></span> <span class='ocrx_word' id='word_1_363' title='bbox 1248 4529 1276 4579; x_wconf 82' lang='grc' dir='ltr'>τό</span> 
     </span>
     <span class='ocr_line' id='line_1_37' title="bbox 155 4581 1275 4662; baseline 0.001 -12"><span class='ocrx_word' id='word_1_364' title='bbox 155 4599 182 4651; x_wconf 72' lang='grc' dir='ltr'>δὲ</span> <span class='ocrx_word' id='word_1_365' title='bbox 195 4599 268 4662; x_wconf 84' lang='grc' dir='ltr'>σοφοί</span> <span class='ocrx_word' id='word_1_366' title='bbox 280 4610 335 4648; x_wconf 87' lang='lat' dir='ltr'>om.</span> <span class='ocrx_word' id='word_1_367' title='bbox 347 4595 400 4647; x_wconf 83' lang='lat' dir='ltr'>ME</span> <span class='ocrx_word' id='word_1_368' title='bbox 464 4591 577 4659; x_wconf 84' lang='grc' dir='ltr'>δόναται]</span> <span class='ocrx_word' id='word_1_369' title='bbox 587 4595 691 4646; x_wconf 84' lang='grc' dir='ltr'>δυνατδν</span> <span class='ocrx_word' id='word_1_370' title='bbox 705 4593 759 4645; x_wconf 78' lang='grc' dir='ltr'>ΜΕ</span> <span class='ocrx_word' id='word_1_371' title='bbox 821 4593 852 4644; x_wconf 86' lang='grc'>22</span> <span class='ocrx_word' id='word_1_372' title='bbox 868 4581 965 4654; x_wconf 83' lang='grc' dir='ltr'>ιίδότας</span> <span class='ocrx_word' id='word_1_373' title='bbox 975 4615 998 4646; x_wconf 85' lang='grc' dir='ltr'>τι</span> <span class='ocrx_word' id='word_1_374' title='bbox 1012 4599 1037 4647; x_wconf 82' lang='grc' dir='ltr'>Α</span> <span class='ocrx_word' id='word_1_375' title='bbox 1049 4611 1058 4649; x_wconf 73' lang='lat'>2</span> <span class='ocrx_word' id='word_1_376' title='bbox 1073 4598 1169 4656; x_wconf 85' lang='grc' dir='ltr'>ιίδότας</span> <span class='ocrx_word' id='word_1_377' title='bbox 1181 4598 1218 4650; x_wconf 85' lang='grc' dir='ltr'>δτι</span> <span class='ocrx_word' id='word_1_378' title='bbox 1229 4597 1275 4651; x_wconf 79' lang='lat' dir='ltr'>M:</span> 
     </span>
     <span class='ocr_line' id='line_1_38' title="bbox 155 4665 1235 4744; baseline -0.002 -22"><span class='ocrx_word' id='word_1_379' title='bbox 155 4672 257 4729; x_wconf 83' lang='grc' dir='ltr'>είδότως</span> <span class='ocrx_word' id='word_1_380' title='bbox 271 4688 294 4720; x_wconf 88' lang='grc' dir='ltr'>τι</span> <span class='ocrx_word' id='word_1_381' title='bbox 309 4673 386 4721; x_wconf 78' lang='lat' dir='ltr'><strong>As‘r:</strong></span> <span class='ocrx_word' id='word_1_382' title='bbox 402 4670 498 4727; x_wconf 78' lang='grc' dir='ltr'>εἰδότας</span> <span class='ocrx_word' id='word_1_383' title='bbox 513 4665 613 4719; x_wconf 75' lang='lat' dir='ltr'><strong>seclusi</strong></span> <span class='ocrx_word' id='word_1_384' title='bbox 675 4667 706 4720; x_wconf 75' lang='lat'>2⁴</span> <span class='ocrx_word' id='word_1_385' title='bbox 722 4665 805 4731; x_wconf 80' lang='grc' dir='ltr'>είδὼς]</span> <span class='ocrx_word' id='word_1_386' title='bbox 819 4667 872 4744; x_wconf 78' lang='grc' dir='ltr'>είδῄ</span> <span class='ocrx_word' id='word_1_387' title='bbox 887 4665 970 4720; x_wconf 80' lang='lat' dir='ltr'><strong>Hom.</strong></span> <span class='ocrx_word' id='word_1_388' title='bbox 1034 4667 1066 4719; x_wconf 81' lang='grc'><strong>28</strong></span> <span class='ocrx_word' id='word_1_389' title='bbox 1082 4672 1105 4720; x_wconf 86' lang='grc' dir='ltr'>εί</span> <span class='ocrx_word' id='word_1_390' title='bbox 1121 4668 1196 4720; x_wconf 76' lang='lat' dir='ltr'>rubr.</span> <span class='ocrx_word' id='word_1_391' title='bbox 1210 4675 1235 4721; x_wconf 70' lang='lat' dir='ltr'>‘A</span> 
     </span>
    </p>
   </div>
   <div class='ocr_carea' id='block_1_12' title="bbox 0 0 1586 5512">
    <p class='ocr_par' dir='ltr' id='par_1_20' title="bbox 0 0 1586 5512">
     <span class='ocr_line' id='line_1_39' title="bbox 0 0 1586 5512; baseline 0 0"><span class='ocrx_word' id='word_1_392' title='bbox 0 0 1586 5512; x_wconf 95' lang='lat' dir='ltr'> </span> 
     </span>
    </p>
   </div>
  </div>
 </body>
</html>
