3248 5512
343 467 374 522 36
721 456 862 513 ΕΡΜΕΙΟΥ
883 457 1079 514 ΦΙΛΟΣΟΦΟΥ

268 623 308 687 77]
341 615 421 681 αὐτὸς
437 619 452 673 ὁ
470 617 585 675 Πλάτων
607 615 670 698 ἐρη,
689 617 751 692 ζῴῳ
765 616 806 675 δεῖ
821 605 867 674 τὸν
884 618 968 696 λάχον
983 616 1109 675 ἐοικέναι·
1131 623 1209 674 ποῖον
1224 615 1255 673 άν
1270 615 1317 674 οῦν
1334 619 1404 690 ζῷον
1419 613 1463 688 είη

339 716 372 771 τά
387 715 435 790 μέν
446 716 520 771 κάτω
536 714 591 772 άνω
605 711 682 797 ἐχον,
696 717 728 772 τά
743 714 771 772 δέ
786 714 841 771 άνω
856 717 946 788 κάτωρ
964 717 1075 773 Ἔπειτα
1088 721 1168 772 τοῦτο
1184 715 1249 771 αὐτὸ
1265 716 1279 771 δ
1295 720 1341 771 νῦν
1357 712 1463 793 εῖρηκε,

339 814 384 870 καὶ
395 813 455 888 μετ’
465 812 561 893 ὀλίγον
570 811 653 870 πάλιν
664 813 730 892 ἐρεῖ·
745 815 826 870 εἰπὼν
839 815 890 892 γάρ
905 819 951 869 νῦν
967 814 1007 870 δτι
1022 812 1211 889 μεταμέλει
1227 812 1318 876 αὐτοῖς
1332 810 1466 869 ἐπειδάν

340 911 529 969 παύσωνται
542 921 602 984 τῆς
618 910 807 987 ἐπιθυμίας,
826 912 904 976 εῦθῦς
921 912 985 992 ἐρεῖ·
1004 937 1018 966 ιι
1035 910 1263 983 ὥστεάδηλον
1276 912 1303 968 εί
1319 907 1359 967 ἐτι
1374 910 1467 974 αῦτοῑς

293 1020 308 1068 5
340 1009 416 1091 φίλοι
430 1007 536 1067 ἐσονται
553 1008 686 1067 ἐπειδάν
705 1018 764 1081 τῆς
783 1008 959 1085 ἐπιθυμίας
977 1011 1188 1083 παύσωνται,
1206 1034 1221 1064 ιι
1237 1010 1283 1065 καί
1298 1015 1355 1073 ταῖς
1370 1008 1465 1070 αῦταῖς

341 1107 427 1174 λέξεσι
441 1108 617 1189 χρησάμενος
632 1108 671 1170 ὡς
687 1107 718 1164 οῦ
734 1104 834 1174 λέξεως
852 1108 984 1186 εῦποριῖιν.
1000 1110 1048 1165 Καὶ
1058 1107 1142 1165 πάλιν
1155 1109 1185 1164 τὸ
1200 1107 1265 1164 αιἰτὸ
1279 1112 1360 1164 τοῦτο
1374 1106 1466 1185 τρίτον

341 1204 416 1285 λέγει
428 1206 455 1263 ἐν
465 1212 498 1282 τῇ
512 1206 758 1286 ἀνακεραλαιώσει.
770 1212 859 1263 Ταῦτα
873 1207 921 1281 μὲν
935 1207 1014 1271 αὐτὸς
1027 1206 1220 1282 ἐπεσημήνατο
1229 1209 1326 1278 <δ>
1335 1204 1463 1263 Πλάτων.

340 1302 424 1384 Ἐρεῖς
440 1303 468 1361 δέ
482 1306 527 1361 καὶ
541 1304 572 1361 σῦ
585 1303 704 1362 ἐναντίον
719 1304 784 1361 αὐτὸ
801 1305 881 1362 είναι·
898 1302 1035 1384 ὁμολογεῖ
1047 1307 1097 1384 γάρ
1113 1307 1238 1361 ὁπωσοῦν
1254 1303 1283 1361 εῦ
1298 1310 1387 1361 ποιεῖν
1402 1303 1467 1367 τοὺς

340 1402 452 1482 ἐραστάς
469 1403 514 1458 καῖ
530 1403 645 1483 χάριτας
665 1403 795 1484 παρέχειν
816 1409 874 1467 τοῖς
897 1402 1042 1482 ἐρωμένοις
1061 1403 1108 1459 καί
1130 1403 1194 1483 ῦπέρ
1215 1404 1265 1474 τήν
1289 1402 1464 1482 ὑπάρχουσαν

280 1508 313 1559 1θ
345 1497 469 1575 δύναμιν,

382 1645 441 1719 κη’.
462 1646 529 1704 Ἔτι
551 1646 584 1704 δέ
608 1650 638 1706 οἱ
664 1649 722 1723 μὲν
746 1647 890 1727 ἐρῶντες
915 1649 1107 1725 σκοποῦσιν]
1136 1649 1193 1706 231
1218 1647 1256 1706 Α.

235 1812 328 1864 fogssv·
382 1796 465 1849 Τοῦτο
479 1793 525 1848 καῖ
541 1792 607 1848 αὐτὸ
622 1793 744 1858 ἀτάκτως
759 1799 856 1850 κεῖται·
874 1788 927 1850 ἔδει
941 1793 993 1872 γάρ
1008 1792 1074 1850 αὐτὸ
1089 1791 1166 1872 είπερ
1181 1791 1231 1872 άρα
1244 1793 1296 1872 πρὸ
1311 1796 1359 1848 τοῦ
1372 1811 1466 1870 προει-

344 1889 463 1970 ρημένου
486 1894 599 1963 κεῖσθαι,
624 1890 667 1948 ἵνα
689 1892 740 1961 τὴν
762 1890 864 1948 οἰκείαν
888 1887 962 1957 τάξιν
984 1893 1054 1973 εἶχε.
1080 1897 1126 1948 Δεῖ
1150 1890 1201 1970 γάρ
1224 1890 1386 1970 λογίσασθαι
1404 1889 1467 1953 τοῦς

344 1989 442 2053 πόνους
464 1989 572 2060 αῦτοῦς,
595 1988 646 2046 εἶθ’
666 1991 752 2053 οὕτως
777 1988 873 2065 μηκέτ’
894 1990 963 2047 εἶναι
984 1987 1081 2070 φίλους
1106 1987 1343 2064 μεταμεληθέντας
1364 1986 1406 2068 ἐρ’
1424 1989 1466 2051 οἷς

283 2098 314 2149 15
346 2086 455 2148 ἔπαθον.
474 2089 520 2153 Εἷς
537 2087 611 2145 ταῦτ’
632 2088 678 2145 οῦν
698 2085 855 2164 άποῦλέψας
876 2091 890 2145 ὁ
912 2089 1059 2168 Σωκράτης
1078 2084 1129 2168 ἔφη
1149 2089 1194 2143 καί
1210 2089 1243 2143 τά
1263 2086 1468 2168 ἐπιχειρήματα

345 2185 452 2268 χῦδην
470 2189 591 2267 εἰρῆσθαι
610 2189 655 2244 καῖ
673 2188 720 2244 σῦν
740 2186 853 2263 οὐδεμιᾷ
871 2183 947 2253 τάξει
963 2187 1109 2265 ἀναγκαίᾳ,
1130 2186 1204 2243 ἀλλά
1224 2191 1280 2242 τοῦ
1302 2185 1467 2264 ἐπιγράμ-

350 2308 452 2359 ματος
468 2283 553 2361 μηδέν
568 2284 701 2366 διαρέρειν
716 2291 763 2342 τοῦ
778 2283 876 2344 Μίδου.

386 2438 439 2498 κθ’.
459 2439 525 2497 Ἔτι
550 2440 579 2496 εί
602 2438 653 2497 διά
675 2446 774 2497 τοῦτο
798 2438 888 2506 ἄξιον
912 2440 985 2506 τοῦς
1007 2440 1239 2520 <ἐριῖιντιις>
1263 2443 1319 2500 231
1346 2440 1383 2501 Β.

386 2591 471 2644 Τοῦτο
496 2587 559 2643 αὐτὸ
581 2587 612 2643 τὸ
637 2585 806 2667 ἐπιχείρημα
826 2586 950 2651 ἀτάκτως
971 2569 1068 2644 κεῖταί·
1092 2585 1147 2645 ἔδει
1167 2589 1219 2666 γάρ
1242 2585 1321 2667 είπερ
1342 2586 1393 2667 άρα
1414 2588 1467 2644 άπὸ

286 2697 318 2747 20
349 2684 446 2742 τοῦτου
460 2687 572 2766 ἦρχθαι,
589 2682 667 2764 είπερ
682 2681 734 2741 ἔδει
748 2683 800 2740 άπὸ
815 2689 864 2740 τοῦ
880 2685 1003 2760 μείζονος
1020 2683 1160 2766 άρχεσθαι.
1177 2685 1220 2743 Ἔν
1230 2687 1319 2760 τοῦτῳ
1329 2686 1380 2766 γάρ
1391 2685 1468 2765 λέγει

347 2783 389 2839 ὅτι
403 2783 434 2840 οῦ
450 2783 534 2858 μόνον
549 2781 626 2863 ρίλοι
640 2782 689 2838 οῦκ
703 2779 818 2855 ἔσονται,
835 2780 909 2839 άλλά
922 2784 967 2839 καῖ
980 2789 1089 2847 κακῶς
1103 2790 1220 2844 ποιοῦσι.
1238 2785 1307 2866 Πρὸς
1321 2783 1350 2842 δέ
1360 2785 1467 2848 τούτοις

347 2884 392 2938 καί
406 2881 558 2957 ἐναντίωμα
573 2879 659 2960 λέχει·
676 2882 741 2960 ρησῖ
755 2882 806 2961 χάρ
820 2883 865 2937 καὶ
880 2879 951 2960 ἐρχιμ
966 2884 1010 2939 καὶ
1023 2881 1118 2962 λόχοις
1133 2883 1178 2939 καί
1193 2891 1257 2940 πᾶσι
1270 2883 1380 2962 τρόποις
1396 2889 1469 2947 τοῖς

348 2978 530 3058 ἐρωμένοις
549 2977 747 3059 χαρίζεσθαι
765 2979 829 3043 τοῦς
849 2978 972 3058 ἐραστάς,
993 2982 1037 3036 καὶ
1055 2980 1159 3045 πάντας
1177 2981 1240 3046 τοῦς
1257 2978 1359 3044 ἄλλους
1374 2986 1467 3044 κακῶς

348 3083 443 3151 ποιεῖν,
461 3077 506 3134 ἐάν
521 3083 578 3141 τοῖς
592 3076 736 3156 ἐρωμένοις
752 3076 830 3152 δοκῇ.

303 3243 313 3253 “
390 3230 426 3291 λ’.
449 3234 506 3288 Καὶ
525 3233 585 3310 γὰρ
605 3231 700 3288 αῦτοῖ
719 3231 928 3310 ὁμολογοῦσι
947 3240 1057 3290 νοσεῖν
1078 3231 1208 3307 μάλλον
1228 3234 1245 3304 ἰλ
1270 3236 1467 3315 σωρρονεῖν]

351 3332 407 3389 231
431 3331 468 3388 D.

387 3475 472 3528 Τοῦτο
492 3471 581 3526 κοινὸν
601 3471 649 3544 μὲν
671 3471 714 3525 καί
734 3471 783 3526 ὑπὸ
800 3471 900 3534 παντὸς
917 3469 1049 3549 λεχθῆναι
1068 3469 1228 3544 δυνάμενον,
1250 3472 1425 3549 παρέρριπται
1441 3469 1470 3527 δέ

350 3570 400 3625 ὑπὸ
417 3569 513 3625 τοῦτου
530 3568 575 3624 καί
595 3566 645 3623 οῦκ
663 3566 691 3623 ἐν
711 3565 797 3623 δέυντι
815 3570 913 3626 κεῖται.
929 3566 1000 3624 Ἔδει
1019 3569 1071 3646 γάρ
1092 3567 1156 3624 αὐτὸ
1176 3571 1361 3647 προειρῆσθαι,
1378 3568 1469 3647 ὥσπερ

348 3669 423 3723 καὶὸ
443 3665 557 3722 Πλάτων
576 3661 726 3738 ἀποδείξει,
747 3665 787 3721 ὅτι
806 3672 880 3723 νοσεῖ
901 3668 915 3722 ὁ
936 3664 1014 3744 ἐρῶν,
1034 3667 1079 3722 καὶ
1100 3672 1181 3724 τοῦτο
1200 3667 1310 3746 προθείς
1330 3667 1417 3730 οὕτως
1436 3667 1470 3722 τά

379 3862 456 3914 1264
475 3861 496 3912 C
515 3862 575 3925 (δεῖν
592 3861 672 3913 πάντα
690 3865 765 3927 λόγον
785 3859 870 3926 ὥσπερ
890 3865 952 3927 ζῴον
973 3859 1121 3911 συνεστάναι
1143 3859 1223 3922 plat.)
1288 3859 1365 3909 4232
1384 3858 1406 3908 E

349 3937 363 3985 5
380 3935 426 3984 234
440 3936 464 3983 Α
479 3932 627 3998 (παυόμενοι
640 3940 683 3996 τῆς
698 3935 826 3996 ἐπιθυμίας
844 3931 925 3995 Plar.)
988 3931 1019 3980 16
1032 3930 1079 3981 264
1094 3930 1157 3979 B·D

381 4049 459 4100 Ncl
483 4053 555 4101 ποῖον
574 4048 693 4112 scripsi:
720 4041 773 4099 οίον
789 4046 851 4097 libri
913 4047 990 4109 4τῆς
1009 4048 1138 4109 ἐπιθυμίας
1163 4041 1309 4096 παύσωνται
1337 4045 1405 4096 Plat.

349 4123 390 4172 45
403 4121 485 4179 αὐτοῖς
496 4124 561 4185 ριλοι
573 4119 681 4186 ἔσονται]
692 4119 858 4184 βουλήσονται
871 4122 936 4183 φίλοι
949 4116 1013 4169 εἶναι
1028 4117 1098 4168 Plar.
1162 4120 1177 4167 5
1191 4122 1245 4176 ταῖς
1259 4116 1345 4176 αῦταῖς
1356 4115 1469 4180 scripsi:

350 4194 435 4251 αῦταῖς
453 4197 506 4250 ταῖς
525 4191 585 4242 libri
648 4190 808 4241 madridi
870 4187 995 4253 8ποιεῐν1
1016 4195 1083 4240 ποιεῖ
1103 4190 1130 4238 Μ
1149 4188 1214 4251 (jam
1231 4193 1386 4239 correxerat
1402 4191 1470 4247 Αετλ

411 4265 427 4313 9
448 4261 622 4330 ῦπάρχονσανλ
643 4264 815 4328 ὑπερέχουσαν
840 4262 868 4311 Μ
932 4260 962 4311 11
985 4261 1028 4316 ἐ’τι,
1054 4260 1066 4310 ἐ’
1088 4260 1162 4309 rubr.
1183 4262 1207 4310 A
1271 4259 1302 4310 15
1323 4261 1390 4310 ταῦτΙ
1414 4257 1469 4322 οῦν]

349 4340 422 4387 τοῦτο
434 4338 477 4385 νῦν
541 4335 571 4384 16
585 4332 721 4399 ἀναγκαία]
735 4335 863 4395 ἀναιιθηοι
876 4332 932 4393 (sie)
943 4345 972 4392 a3
986 4331 1081 4394 prioris
1092 4333 1233 4396 scripturae
1245 4330 1421 4382 nunovidere
1430 4336 1472 4380 est

350 4409 459 4472 ενεγνιι
521 4405 552 4456 ιο
572 4408 615 4467 ιιι,
636 4406 648 4456 ε
667 4391 741 4455 rubr.
760 4409 784 4455 ιι
848 4405 882 4454 εει
901 4404 926 4455 ιι
943 4404 965 4453 ει
984 4405 1008 4452 Α
1072 4403 1146 4454 ιοιι
1167 4403 1283 4467 scripsi:
1303 4401 1408 4453 ονιιινιι

349 4478 380 4528 22
400 4480 443 4528 καὶ
462 4484 525 4527 anre
546 4480 686 4539 ἐναντίωμα
704 4488 759 4526 om.
778 4475 806 4524 M
870 4473 901 4523 24
923 4475 966 4524 ἐὰν
982 4474 1045 4538 τοῖς]
1066 4477 1162 4532 ἑαυτοῖς
1183 4474 1211 4523 Μ
1234 4473 1299 4536 (jam
1314 4476 1471 4524 correxerat

349 4550 416 4612 Αυτ)
479 4548 510 4598 25
530 4551 582 4609 καῖ,
601 4568 616 4598 κ
635 4547 712 4599 rubr.
733 4550 757 4597 A
821 4548 989 4611 ὁμολογοῦσιν
1010 4544 1079 4595 Plat.
1144 4544 1175 4594 28
1191 4542 1364 4610 προειρῆσθαι]
1386 4560 1469 4608 προσ·

352 4620 439 4684 ρῆσθαι
452 4618 480 4668 Μ
545 4618 576 4668 29
589 4621 687 4687 προθεὶς
700 4618 797 4682 scripsi
810 4632 815 4667 :
831 4618 946 4684 προσθείς
961 4615 1024 4666 libri
